%% This BibTeX bibliography file was created using BibDesk.
%% http://bibdesk.sourceforge.net/


%% Created for Alex Hagen at 2015-11-29 17:16:09 -0500 


%% Saved with string encoding Unicode (UTF-8) 



@article{hastings70,
	Abstract = {SUMMARY A generalization of the sampling method introduced by Metropolis et al. (1953) is presented along with an exposition of the relevant theory, techniques of application and methods and difficulties of assessing the error in Monte Carlo estimates. Examples of the methods, including the generation of random orthogonal matrices and potential applications of the methods to numerical problems arising in statistics, are discussed.},
	Author = {Hastings, W. K.},
	Date-Added = {2015-11-29 22:15:43 +0000},
	Date-Modified = {2015-11-29 22:15:58 +0000},
	Doi = {10.1093/biomet/57.1.97},
	Eprint = {http://biomet.oxfordjournals.org/content/57/1/97.full.pdf+html},
	Journal = {Biometrika},
	Number = {1},
	Pages = {97-109},
	Title = {Monte Carlo sampling methods using Markov chains and their applications},
	Url = {http://biomet.oxfordjournals.org/content/57/1/97.abstract},
	Volume = {57},
	Year = {1970},
	Bdsk-Url-1 = {http://biomet.oxfordjournals.org/content/57/1/97.abstract},
	Bdsk-Url-2 = {http://dx.doi.org/10.1093/biomet/57.1.97}}

@article{metropolis53,
	Adsnote = {Provided by the SAO/NASA Astrophysics Data System},
	Adsurl = {http://adsabs.harvard.edu/abs/1953JChPh..21.1087M},
	Author = {{Metropolis}, N. and {Rosenbluth}, A.~W. and {Rosenbluth}, M.~N. and {Teller}, A.~H. and {Teller}, E.},
	Date-Added = {2015-11-29 22:14:32 +0000},
	Date-Modified = {2015-11-29 22:14:41 +0000},
	Doi = {10.1063/1.1699114},
	Journal = {\jcp},
	Month = jun,
	Pages = {1087-1092},
	Title = {{Equation of State Calculations by Fast Computing Machines}},
	Volume = 21,
	Year = 1953,
	Bdsk-Url-1 = {http://dx.doi.org/10.1063/1.1699114}}

@article{gronke15,
	Adsnote = {Provided by the SAO/NASA Astrophysics Data System},
	Adsurl = {http://adsabs.harvard.edu/abs/2015ApJ...812..123G},
	Archiveprefix = {arXiv},
	Author = {{Gronke}, M. and {Bull}, P. and {Dijkstra}, M.},
	Date-Added = {2015-11-27 18:15:23 +0000},
	Date-Modified = {2015-11-27 18:15:28 +0000},
	Doi = {10.1088/0004-637X/812/2/123},
	Eid = {123},
	Eprint = {1506.03836},
	Journal = {\apj},
	Keywords = {galaxies: high-redshift, galaxies: ISM, ISM: clouds, line: formation, radiative transfer, scattering},
	Month = oct,
	Pages = {123},
	Title = {{A Systematic Study of Lyman-{$\alpha$} Transfer through Outflowing Shells: Model Parameter Estimation}},
	Volume = 812,
	Year = 2015,
	Bdsk-Url-1 = {http://dx.doi.org/10.1088/0004-637X/812/2/123}}

@article{zeimann15b,
	Adsnote = {Provided by the SAO/NASA Astrophysics Data System},
	Adsurl = {http://adsabs.harvard.edu/abs/2015arXiv151100651Z},
	Archiveprefix = {arXiv},
	Author = {{Zeimann}, G.~R. and {Ciardullo}, R. and {Gronwall}, C. and {Bridge}, J. and {Brooks}, H. and {Fox}, D. and {Gawiser}, E. and {Gebhardt}, H. and {Hagen}, A. and {Schneider}, D.~P. and {Trump}, J.~R.},
	Date-Added = {2015-11-27 18:12:05 +0000},
	Date-Modified = {2015-11-29 21:29:23 +0000},
	Eprint = {1511.00651},
	Journal = {\apj},
	Keywords = {Astrophysics - Astrophysics of Galaxies},
	Month = nov,
	Title = {{The Dust Attenuation Curve versus Stellar Mass for Emission Line Galaxies at z \~{} 2}},
	Volume = {in press},
	Year = 2015}

@article{bouwens09,
	Adsnote = {Provided by the SAO/NASA Astrophysics Data System},
	Adsurl = {http://adsabs.harvard.edu/abs/2009ApJ...705..936B},
	Archiveprefix = {arXiv},
	Author = {{Bouwens}, R.~J. and {Illingworth}, G.~D. and {Franx}, M. and {Chary}, R.-R. and {Meurer}, G.~R. and {Conselice}, C.~J. and {Ford}, H. and {Giavalisco}, M. and {van Dokkum}, P.},
	Date-Added = {2015-11-27 18:10:02 +0000},
	Date-Modified = {2015-11-27 18:10:08 +0000},
	Doi = {10.1088/0004-637X/705/1/936},
	Eprint = {0909.4074},
	Journal = {\apj},
	Keywords = {galaxies: evolution, galaxies: high-redshift},
	Month = nov,
	Pages = {936-961},
	Title = {{UV Continuum Slope and Dust Obscuration from z \~{} 6 to z \~{} 2: The Star Formation Rate Density at High Redshift}},
	Volume = 705,
	Year = 2009,
	Bdsk-Url-1 = {http://dx.doi.org/10.1088/0004-637X/705/1/936}}

@article{bauer11,
	Adsnote = {Provided by the SAO/NASA Astrophysics Data System},
	Adsurl = {http://adsabs.harvard.edu/abs/2011MNRAS.417..289B},
	Archiveprefix = {arXiv},
	Author = {{Bauer}, A.~E. and {Conselice}, C.~J. and {P{\'e}rez-Gonz{\'a}lez}, P.~G. and {Gr{\"u}tzbauch}, R. and {Bluck}, A.~F.~L. and {Buitrago}, F. and {Mortlock}, A.},
	Date-Added = {2015-11-27 18:08:01 +0000},
	Date-Modified = {2015-11-27 18:08:11 +0000},
	Doi = {10.1111/j.1365-2966.2011.19240.x},
	Eprint = {1106.2656},
	Journal = {\mnras},
	Keywords = {galaxies: evolution, galaxies: fundamental parameters, galaxies: high-redshift, galaxies: star formation},
	Month = oct,
	Pages = {289-303},
	Title = {{Star formation in a stellar mass-selected sample of galaxies to z= 3 from the GOODS-NICMOS Survey}},
	Volume = 417,
	Year = 2011,
	Bdsk-Url-1 = {http://dx.doi.org/10.1111/j.1365-2966.2011.19240.x}}

@article{matsuda12,
	Adsnote = {Provided by the SAO/NASA Astrophysics Data System},
	Adsurl = {http://adsabs.harvard.edu/abs/2012MNRAS.425..878M},
	Archiveprefix = {arXiv},
	Author = {{Matsuda}, Y. and {Yamada}, T. and {Hayashino}, T. and {Yamauchi}, R. and {Nakamura}, Y. and {Morimoto}, N. and {Ouchi}, M. and {Ono}, Y. and {Umemura}, M. and {Mori}, M.},
	Date-Added = {2015-11-27 18:06:49 +0000},
	Date-Modified = {2015-11-27 18:07:01 +0000},
	Doi = {10.1111/j.1365-2966.2012.21143.x},
	Eprint = {1204.4934},
	Journal = {\mnras},
	Keywords = {galaxies: formation, cosmology: observations, cosmology: early universe},
	Month = sep,
	Pages = {878-883},
	Title = {{Diffuse Ly{$\alpha$} haloes around Ly{$\alpha$} emitters at z=3: do dark matter distributions determine the Ly{$\alpha$} spatial extents?}},
	Volume = 425,
	Year = 2012,
	Bdsk-Url-1 = {http://dx.doi.org/10.1111/j.1365-2966.2012.21143.x}}

@article{momose15,
	Adsnote = {Provided by the SAO/NASA Astrophysics Data System},
	Adsurl = {http://adsabs.harvard.edu/abs/2015arXiv150909001M},
	Archiveprefix = {arXiv},
	Author = {{Momose}, R. and {Ouchi}, M. and {Nakajima}, K. and {Ono}, Y. and {Shibuya}, T. and {Shimasaku}, K. and {Yuma}, S. and {Mori}, M. and {Umemura}, M.},
	Date-Added = {2015-11-22 18:20:48 +0000},
	Date-Modified = {2015-11-22 18:20:55 +0000},
	Eprint = {1509.09001},
	Journal = {ArXiv e-prints},
	Keywords = {Astrophysics - Astrophysics of Galaxies},
	Month = sep,
	Title = {{Statistical Properties of Diffuse Lyman-alpha Halos around Star-forming Galaxies at z\~{}2}},
	Year = 2015}

@article{momose14,
	Adsnote = {Provided by the SAO/NASA Astrophysics Data System},
	Adsurl = {http://adsabs.harvard.edu/abs/2014MNRAS.442..110M},
	Archiveprefix = {arXiv},
	Author = {{Momose}, R. and {Ouchi}, M. and {Nakajima}, K. and {Ono}, Y. and {Shibuya}, T. and {Shimasaku}, K. and {Yuma}, S. and {Mori}, M. and {Umemura}, M.},
	Date-Added = {2015-11-22 18:20:11 +0000},
	Date-Modified = {2015-11-22 18:20:18 +0000},
	Doi = {10.1093/mnras/stu825},
	Eprint = {1403.0732},
	Journal = {\mnras},
	Keywords = {galaxies: evolution, galaxies: haloes, galaxies: high-redshift, dark ages, reionization, first stars},
	Month = jul,
	Pages = {110-120},
	Title = {{Diffuse Ly{$\alpha$} haloes around galaxies at z = 2.2-6.6: implications for galaxy formation and cosmic reionization}},
	Volume = 442,
	Year = 2014,
	Bdsk-Url-1 = {http://dx.doi.org/10.1093/mnras/stu825}}

@article{wisotzki15,
	Adsnote = {Provided by the SAO/NASA Astrophysics Data System},
	Adsurl = {http://adsabs.harvard.edu/abs/2015arXiv150905143W},
	Archiveprefix = {arXiv},
	Author = {{Wisotzki}, L. and {Bacon}, R. and {Blaizot}, J. and {Brinchmann}, J. and {Herenz}, E.~C. and {Schaye}, J. and {Bouch{\'e}}, N. and {Cantalupo}, S. and {Contini}, T. and {Carollo}, C.~M. and {Caruana}, J. and {Courbot}, J.-B. and {Emsellem}, E. and {Kamann}, S. and {Kerutt}, J. and {Leclercq}, F. and {Lilly}, S.~J. and {Patr{\'{\i}}cio}, V. and {Sandin}, C. and {Steinmetz}, M. and {Straka}, L.~A. and {Urrutia}, T. and {Verhamme}, A. and {Weilbacher}, P.~M. and {Wendt}, M.},
	Date-Added = {2015-11-22 18:19:17 +0000},
	Date-Modified = {2015-11-22 18:19:33 +0000},
	Eprint = {1509.05143},
	Journal = {ArXiv e-prints},
	Keywords = {Astrophysics - Astrophysics of Galaxies},
	Month = sep,
	Title = {{Extended Lyman alpha haloes around individual high-redshift galaxies revealed by MUSE}},
	Year = 2015}

@article{herenz15,
	Adsnote = {Provided by the SAO/NASA Astrophysics Data System},
	Adsurl = {http://adsabs.harvard.edu/abs/2015arXiv151105406H},
	Archiveprefix = {arXiv},
	Author = {{Herenz}, E.~C. and {Gruyters}, P. and {Orlitova}, I. and {Hayes}, M. and {{\"O}stlin}, G. and {Cannon}, J.~M. and {Roth}, M.~M. and {Bik}, A. and {Pardy}, S. and {Ot{\'{\i}}-Floranes}, H. and {Mas-Hesse}, J.~M. and {Adamo}, A. and {Atek}, H. and {Duval}, F. and {Guaita}, L. and {Kunth}, D. and {Laursen}, P. and {Melinder}, J. and {Puschnig}, J. and {Rivera-Thorsen}, T.~E. and {Schaerer}, D. and {Verhamme}, A.},
	Date-Added = {2015-11-22 18:14:43 +0000},
	Date-Modified = {2015-11-27 18:28:59 +0000},
	Eprint = {1511.05406},
	Journal = {\aap},
	Keywords = {Astrophysics - Astrophysics of Galaxies},
	Month = nov,
	Title = {{The Lyman alpha reference sample. VII. Spatially resolved H$\alpha$ kinematics}},
	Volume = {In Press},
	Year = 2015}

@article{dijkstra07,
	Adsnote = {Provided by the SAO/NASA Astrophysics Data System},
	Adsurl = {http://adsabs.harvard.edu/abs/2007MNRAS.377.1175D},
	Author = {{Dijkstra}, M. and {Lidz}, A. and {Wyithe}, J.~S.~B.},
	Date-Added = {2015-11-22 17:59:56 +0000},
	Date-Modified = {2015-11-22 18:00:08 +0000},
	Doi = {10.1111/j.1365-2966.2007.11666.x},
	Eprint = {astro-ph/0701667},
	Journal = {\mnras},
	Keywords = {line: profiles , radiative transfer , galaxies: high redshift , cosmology: theory},
	Month = may,
	Pages = {1175-1186},
	Title = {{The impact of The IGM on high-redshift Ly{$\alpha$} emission lines}},
	Volume = 377,
	Year = 2007,
	Bdsk-Url-1 = {http://dx.doi.org/10.1111/j.1365-2966.2007.11666.x}}

@article{jiang15,
	Adsnote = {Provided by the SAO/NASA Astrophysics Data System},
	Adsurl = {http://adsabs.harvard.edu/abs/2015arXiv151101519J},
	Archiveprefix = {arXiv},
	Author = {{Jiang}, L. and {Finlator}, K. and {Cohen}, S.~H. and {Egami}, E. and {Windhorst}, R.~A. and {Fan}, X. and {Dave}, R. and {Kashikawa}, N. and {Mechtley}, M. and {Ouchi}, M. and {Shimasaku}, K. and {Clement}, B.},
	Date-Added = {2015-11-22 01:29:15 +0000},
	Date-Modified = {2015-11-22 01:29:22 +0000},
	Eprint = {1511.01519},
	Journal = {ArXiv e-prints},
	Keywords = {Astrophysics - Astrophysics of Galaxies},
	Month = nov,
	Title = {{Physical Properties of Spectroscopically-Confirmed Galaxies at $z\ge6$. III. Stellar Populations from SED Modeling with Secure Ly$\alpha$ Emission and Redshifts}},
	Year = 2015}

@article{whitaker14,
	Adsnote = {Provided by the SAO/NASA Astrophysics Data System},
	Adsurl = {http://adsabs.harvard.edu/abs/2014ApJ...795..104W},
	Archiveprefix = {arXiv},
	Author = {{Whitaker}, K.~E. and {Franx}, M. and {Leja}, J. and {van Dokkum}, P.~G. and {Henry}, A. and {Skelton}, R.~E. and {Fumagalli}, M. and {Momcheva}, I.~G. and {Brammer}, G.~B. and {Labb{\'e}}, I. and {Nelson}, E.~J. and {Rigby}, J.~R.},
	Date-Added = {2015-11-12 03:25:51 +0000},
	Date-Modified = {2015-11-12 03:25:56 +0000},
	Doi = {10.1088/0004-637X/795/2/104},
	Eid = {104},
	Eprint = {1407.1843},
	Journal = {\apj},
	Keywords = {galaxies: evolution, galaxies: formation, galaxies: high-redshift},
	Month = nov,
	Pages = {104},
	Title = {{Constraining the Low-mass Slope of the Star Formation Sequence at 0.5 $\lt$ z $\lt$ 2.5}},
	Volume = 795,
	Year = 2014,
	Bdsk-Url-1 = {http://dx.doi.org/10.1088/0004-637X/795/2/104}}

@article{kennicutt98,
	Adsnote = {Provided by the SAO/NASA Astrophysics Data System},
	Adsurl = {http://adsabs.harvard.edu/abs/1998ARA%26A..36..189K},
	Author = {{Kennicutt}, Jr., R.~C.},
	Date-Added = {2015-10-15 03:20:48 +0000},
	Date-Modified = {2015-10-15 03:20:56 +0000},
	Doi = {10.1146/annurev.astro.36.1.189},
	Eprint = {astro-ph/9807187},
	Journal = {\araa},
	Pages = {189-232},
	Title = {{Star Formation in Galaxies Along the Hubble Sequence}},
	Volume = 36,
	Year = 1998,
	Bdsk-Url-1 = {http://dx.doi.org/10.1146/annurev.astro.36.1.189}}

@article{ly07,
	Adsnote = {Provided by the SAO/NASA Astrophysics Data System},
	Adsurl = {http://adsabs.harvard.edu/abs/2007ApJ...657..738L},
	Author = {{Ly}, C. and {Malkan}, M.~A. and {Kashikawa}, N. and {Shimasaku}, K. and {Doi}, M. and {Nagao}, T. and {Iye}, M. and {Kodama}, T. and {Morokuma}, T. and {Motohara}, K.},
	Date-Added = {2015-10-14 23:57:26 +0000},
	Date-Modified = {2015-10-14 23:57:32 +0000},
	Doi = {10.1086/510828},
	Eprint = {astro-ph/0610846},
	Journal = {\apj},
	Keywords = {Galaxies: Distances and Redshifts, Galaxies: Evolution, Galaxies: Luminosity Function, Mass Function, Galaxies: Photometry},
	Month = mar,
	Pages = {738-759},
	Title = {{The Luminosity Function and Star Formation Rate between Redshifts of 0.07 and 1.47 for Narrowband Emitters in the Subaru Deep Field}},
	Volume = 657,
	Year = 2007,
	Bdsk-Url-1 = {http://dx.doi.org/10.1086/510828}}

@article{oteo15,
	Adsnote = {Provided by the SAO/NASA Astrophysics Data System},
	Adsurl = {http://adsabs.harvard.edu/abs/2015MNRAS.452.2018O},
	Archiveprefix = {arXiv},
	Author = {{Oteo}, I. and {Sobral}, D. and {Ivison}, R.~J. and {Smail}, I. and {Best}, P.~N. and {Cepa}, J. and {P{\'e}rez-Garc{\'{\i}}a}, A.~M.},
	Date-Added = {2015-10-13 02:47:18 +0000},
	Date-Modified = {2015-10-13 02:47:23 +0000},
	Doi = {10.1093/mnras/stv1284},
	Eprint = {1506.02670},
	Journal = {\mnras},
	Keywords = {galaxies: evolution, galaxies: high-redshift, galaxies: star formation},
	Month = sep,
	Pages = {2018-2033},
	Title = {{On the nature of H{$\alpha$} emitters at z {\tilde} 2 from the HiZELS survey: physical properties, Ly{$\alpha$} escape fraction and main sequence}},
	Volume = 452,
	Year = 2015,
	Bdsk-Url-1 = {http://dx.doi.org/10.1093/mnras/stv1284}}

@article{cowie11,
	Adsnote = {Provided by the SAO/NASA Astrophysics Data System},
	Adsurl = {http://adsabs.harvard.edu/abs/2011ApJ...738..136C},
	Archiveprefix = {arXiv},
	Author = {{Cowie}, L.~L. and {Barger}, A.~J. and {Hu}, E.~M.},
	Date-Added = {2015-10-13 01:57:40 +0000},
	Date-Modified = {2015-10-13 01:57:46 +0000},
	Doi = {10.1088/0004-637X/738/2/136},
	Eid = {136},
	Eprint = {1106.0496},
	Journal = {\apj},
	Keywords = {cosmology: observations, galaxies: abundances, galaxies: distances and redshifts, galaxies: evolution, galaxies: starburst},
	Month = sep,
	Pages = {136},
	Title = {{Ly{$\alpha$} Emitting Galaxies as Early Stages in Galaxy Formation}},
	Volume = 738,
	Year = 2011,
	Bdsk-Url-1 = {http://dx.doi.org/10.1088/0004-637X/738/2/136}}

@article{akritas95,
	Author = {Michael G. Akritas and Susan A. Murphy and Michael P. Lavalley},
	Date-Added = {2015-10-09 02:52:35 +0000},
	Date-Modified = {2015-10-09 02:52:47 +0000},
	Doi = {10.1080/01621459.1995.10476499},
	Eprint = {http://www.tandfonline.com/doi/pdf/10.1080/01621459.1995.10476499},
	Journal = {Journal of the American Statistical Association},
	Number = {429},
	Pages = {170-177},
	Title = {The Theil-Sen Estimator with Doubly Censored Data and Applications to Astronomy},
	Url = {http://www.tandfonline.com/doi/abs/10.1080/01621459.1995.10476499},
	Volume = {90},
	Year = {1995},
	Bdsk-Url-1 = {http://www.tandfonline.com/doi/abs/10.1080/01621459.1995.10476499},
	Bdsk-Url-2 = {http://dx.doi.org/10.1080/01621459.1995.10476499}}

@article{kennicutt92,
	Adsnote = {Provided by the SAO/NASA Astrophysics Data System},
	Adsurl = {http://adsabs.harvard.edu/abs/1992ApJ...388..310K},
	Author = {{Kennicutt}, Jr., R.~C.},
	Date-Added = {2015-10-09 02:45:19 +0000},
	Date-Modified = {2015-10-09 02:45:29 +0000},
	Doi = {10.1086/171154},
	Journal = {\apj},
	Keywords = {Astronomical Spectroscopy, Emission Spectra, H Alpha Line, Line Spectra, Peculiar Galaxies, Active Galactic Nuclei, Irregular Galaxies, Spiral Galaxies, Star Formation Rate, Starburst Galaxies},
	Month = apr,
	Pages = {310-327},
	Title = {{The integrated spectra of nearby galaxies - General properties and emission-line spectra}},
	Volume = 388,
	Year = 1992,
	Bdsk-Url-1 = {http://dx.doi.org/10.1086/171154}}

@article{moustakas06,
	Adsnote = {Provided by the SAO/NASA Astrophysics Data System},
	Adsurl = {http://adsabs.harvard.edu/abs/2006ApJ...642..775M},
	Author = {{Moustakas}, J. and {Kennicutt}, Jr., R.~C. and {Tremonti}, C.~A.},
	Date-Added = {2015-10-09 02:44:14 +0000},
	Date-Modified = {2015-10-09 02:44:26 +0000},
	Doi = {10.1086/500964},
	Eprint = {astro-ph/0511730},
	Journal = {\apj},
	Keywords = {Galaxies: Abundances, Galaxies: Evolution, Galaxies: Formation, Galaxies: ISM},
	Month = may,
	Pages = {775-796},
	Title = {{Optical Star Formation Rate Indicators}},
	Volume = 642,
	Year = 2006,
	Bdsk-Url-1 = {http://dx.doi.org/10.1086/500964}}

@article{shivaei15,
	Adsnote = {Provided by the SAO/NASA Astrophysics Data System},
	Adsurl = {http://adsabs.harvard.edu/abs/2015ApJ...804..149S},
	Archiveprefix = {arXiv},
	Author = {{Shivaei}, I. and {Reddy}, N.~A. and {Steidel}, C.~C. and {Shapley}, A.~E.},
	Date-Added = {2015-08-27 19:39:32 +0000},
	Date-Modified = {2015-08-27 19:39:39 +0000},
	Doi = {10.1088/0004-637X/804/2/149},
	Eid = {149},
	Eprint = {1503.03929},
	Journal = {\apj},
	Keywords = {galaxies: evolution, galaxies: high-redshift, galaxies: star formation},
	Month = may,
	Pages = {149},
	Title = {{Investigating H{$\alpha$}, UV, and IR Star-formation Rate Diagnostics for a Large Sample of z {\sim} 2 Galaxies}},
	Volume = 804,
	Year = 2015,
	Bdsk-Url-1 = {http://dx.doi.org/10.1088/0004-637X/804/2/149}}

@article{schulze15,
	Adsnote = {Provided by the SAO/NASA Astrophysics Data System},
	Adsurl = {http://adsabs.harvard.edu/abs/2015ApJ...808...73S},
	Archiveprefix = {arXiv},
	Author = {{Schulze}, S. and {Chapman}, R. and {Hjorth}, J. and {Levan}, A.~J. and {Jakobsson}, P. and {Bj{\"o}rnsson}, G. and {Perley}, D.~A. and {Kr{\"u}hler}, T. and {Gorosabel}, J. and {Tanvir}, N.~R. and {de Ugarte Postigo}, A. and {Fynbo}, J.~P.~U. and {Milvang-Jensen}, B. and {M{\o}ller}, P. and {Watson}, D.~J.},
	Date-Added = {2015-08-27 19:38:38 +0000},
	Date-Modified = {2015-08-27 19:38:44 +0000},
	Doi = {10.1088/0004-637X/808/1/73},
	Eid = {73},
	Eprint = {1503.04246},
	Journal = {\apj},
	Keywords = {galaxies: evolution, galaxies: luminosity function, mass function, galaxies: star formation, gamma-ray burst: general},
	Month = jul,
	Pages = {73},
	Title = {{The Optically Unbiased GRB Host (TOUGH) Survey. VII. The Host Galaxy Luminosity Function: Probing the Relationship between GRBs and Star Formation to Redshift {\sim} 6}},
	Volume = 808,
	Year = 2015,
	Bdsk-Url-1 = {http://dx.doi.org/10.1088/0004-637X/808/1/73}}

@article{sandberg15,
	Adsnote = {Provided by the SAO/NASA Astrophysics Data System},
	Adsurl = {http://adsabs.harvard.edu/abs/2015A%26A...580A..91S},
	Archiveprefix = {arXiv},
	Author = {{Sandberg}, A. and {Guaita}, L. and {{\"O}stlin}, G. and {Hayes}, M. and {Kiaeerad}, F.},
	Date-Added = {2015-08-27 19:37:46 +0000},
	Date-Modified = {2015-08-27 19:37:52 +0000},
	Doi = {10.1051/0004-6361/201525728},
	Eid = {A91},
	Eprint = {1501.06017},
	Journal = {\aap},
	Keywords = {galaxies: photometry, galaxies: structure},
	Month = aug,
	Pages = {A91},
	Title = {{Trident: A three-pronged galaxy survey. I. Lyman alpha emitting galaxies at z \~{} 2 in GOODS North}},
	Volume = 580,
	Year = 2015,
	Bdsk-Url-1 = {http://dx.doi.org/10.1051/0004-6361/201525728}}

@article{greiner15,
	Adsnote = {Provided by the SAO/NASA Astrophysics Data System},
	Adsurl = {http://adsabs.harvard.edu/abs/2015ApJ...809...76G},
	Archiveprefix = {arXiv},
	Author = {{Greiner}, J. and {Fox}, D.~B. and {Schady}, P. and {Kr{\"u}hler}, T. and {Trenti}, M. and {Cikota}, A. and {Bolmer}, J. and {Elliott}, J. and {Delvaux}, C. and {Perna}, R. and {Afonso}, P. and {Kann}, D.~A. and {Klose}, S. and {Savaglio}, S. and {Schmidl}, S. and {Schweyer}, T. and {Tanga}, M. and {Varela}, K.},
	Date-Added = {2015-08-27 19:35:17 +0000},
	Date-Modified = {2015-08-27 19:35:23 +0000},
	Doi = {10.1088/0004-637X/809/1/76},
	Eid = {76},
	Eprint = {1503.05323},
	Journal = {\apj},
	Keywords = {cosmology: observations, galaxies: high-redshift, galaxies: luminosity function, mass function, galaxies: star formation, gamma-ray burst: general},
	Month = aug,
	Pages = {76},
	Primaryclass = {astro-ph.HE},
	Title = {{Gamma-Ray Bursts Trace UV Metrics of Star Formation over 3 {\gt} z {\sim} 5}},
	Volume = 809,
	Year = 2015,
	Bdsk-Url-1 = {http://dx.doi.org/10.1088/0004-637X/809/1/76}}

@article{chiang15,
	Adsnote = {Provided by the SAO/NASA Astrophysics Data System},
	Adsurl = {http://adsabs.harvard.edu/abs/2015ApJ...808...37C},
	Archiveprefix = {arXiv},
	Author = {{Chiang}, Y.-K. and {Overzier}, R.~A. and {Gebhardt}, K. and {Finkelstein}, S.~L. and {Chiang}, C.-T. and {Hill}, G.~J. and {Blanc}, G.~A. and {Drory}, N. and {Chonis}, T.~S. and {Zeimann}, G.~R. and {Hagen}, A. and {Schneider}, D.~P. and {Jogee}, S. and {Ciardullo}, R. and {Gronwall}, C.},
	Date-Added = {2015-08-27 19:32:23 +0000},
	Date-Modified = {2015-08-27 19:32:29 +0000},
	Doi = {10.1088/0004-637X/808/1/37},
	Eid = {37},
	Eprint = {1505.03877},
	Journal = {\apj},
	Keywords = {cosmology: observations, galaxies: clusters: general, galaxies: evolution, galaxies: high-redshift},
	Month = jul,
	Pages = {37},
	Title = {{Surveying Galaxy Proto-clusters in Emission: A Large-scale Structure at z = 2.44 and the Outlook for HETDEX}},
	Volume = 808,
	Year = 2015,
	Bdsk-Url-1 = {http://dx.doi.org/10.1088/0004-637X/808/1/37}}

@article{behrens14b,
	Adsnote = {Provided by the SAO/NASA Astrophysics Data System},
	Adsurl = {http://adsabs.harvard.edu/abs/2014A%26A...572A..74B},
	Archiveprefix = {arXiv},
	Author = {{Behrens}, C. and {Braun}, H.},
	Date-Added = {2015-08-27 19:29:44 +0000},
	Date-Modified = {2015-08-27 19:29:49 +0000},
	Doi = {10.1051/0004-6361/201424755},
	Eid = {A74},
	Eprint = {1410.3733},
	Journal = {\aap},
	Keywords = {galaxies: high-redshift, radiative transfer},
	Month = dec,
	Pages = {A74},
	Title = {{Inclination dependence of Lyman-{$\alpha$} properties in a turbulent disk galaxy}},
	Volume = 572,
	Year = 2014,
	Bdsk-Url-1 = {http://dx.doi.org/10.1051/0004-6361/201424755}}

@article{henry15,
	Adsnote = {Provided by the SAO/NASA Astrophysics Data System},
	Adsurl = {http://adsabs.harvard.edu/abs/2015ApJ...809...19H},
	Archiveprefix = {arXiv},
	Author = {{Henry}, A. and {Scarlata}, C. and {Martin}, C.~L. and {Erb}, D.},
	Date-Added = {2015-08-27 12:55:09 +0000},
	Date-Modified = {2015-08-27 12:55:15 +0000},
	Doi = {10.1088/0004-637X/809/1/19},
	Eid = {19},
	Eprint = {1505.05149},
	Journal = {\apj},
	Keywords = {galaxies: dwarf, galaxies: evolution, galaxies: formation},
	Month = aug,
	Pages = {19},
	Title = {{Ly{$\alpha$} Emission from Green Peas: The Role of Circumgalactic Gas Density, Covering, and Kinematics}},
	Volume = 809,
	Year = 2015,
	Bdsk-Url-1 = {http://dx.doi.org/10.1088/0004-637X/809/1/19}}

@article{atek14,
	Adsnote = {Provided by the SAO/NASA Astrophysics Data System},
	Adsurl = {http://adsabs.harvard.edu/abs/2014A%26A...561A..89A},
	Archiveprefix = {arXiv},
	Author = {{Atek}, H. and {Kunth}, D. and {Schaerer}, D. and {Mas-Hesse}, J.~M. and {Hayes}, M. and {{\"O}stlin}, G. and {Kneib}, J.-P.},
	Date-Added = {2015-08-27 12:47:48 +0000},
	Date-Modified = {2015-08-27 12:47:52 +0000},
	Doi = {10.1051/0004-6361/201321519},
	Eid = {A89},
	Eprint = {1308.6577},
	Journal = {\aap},
	Keywords = {galaxies: starburst, ultraviolet: galaxies, galaxies: star formation},
	Month = jan,
	Pages = {A89},
	Title = {{Influence of physical galaxy properties on Ly{$\alpha$} escape in star-forming galaxies}},
	Volume = 561,
	Year = 2014,
	Bdsk-Url-1 = {http://dx.doi.org/10.1051/0004-6361/201321519}}

@article{cooke10,
	Adsnote = {Provided by the SAO/NASA Astrophysics Data System},
	Adsurl = {http://adsabs.harvard.edu/abs/2010MNRAS.403.1020C},
	Archiveprefix = {arXiv},
	Author = {{Cooke}, J. and {Berrier}, J.~C. and {Barton}, E.~J. and {Bullock}, J.~S. and {Wolfe}, A.~M.},
	Date-Added = {2015-08-27 03:06:05 +0000},
	Date-Modified = {2015-08-27 03:06:10 +0000},
	Doi = {10.1111/j.1365-2966.2009.16179.x},
	Eprint = {0912.1632},
	Journal = {\mnras},
	Keywords = {methods: observational, galaxies: evolution, galaxies: formation, galaxies: high-redshift, galaxies: interactions},
	Month = apr,
	Pages = {1020-1035},
	Title = {{Lyman break galaxy close and interacting pairs at z \~{} 3}},
	Volume = 403,
	Year = 2010,
	Bdsk-Url-1 = {http://dx.doi.org/10.1111/j.1365-2966.2009.16179.x}}

@article{storey2000,
	Adsnote = {Provided by the SAO/NASA Astrophysics Data System},
	Adsurl = {http://adsabs.harvard.edu/abs/2000MNRAS.312..813S},
	Author = {{Storey}, P.~J. and {Zeippen}, C.~J.},
	Date-Added = {2015-08-27 00:46:30 +0000},
	Date-Modified = {2015-08-27 00:46:41 +0000},
	Doi = {10.1046/j.1365-8711.2000.03184.x},
	Journal = {\mnras},
	Keywords = {ATOMIC DATA, LINE: FORMATION, TECHNIQUES: SPECTROSCOPIC, HII REGIONS, PLANETARY NEBULAE: GENERAL},
	Month = mar,
	Pages = {813-816},
	Title = {{Theoretical values for the [Oiii] 5007/4959 line-intensity ratio and homologous cases}},
	Volume = 312,
	Year = 2000,
	Bdsk-Url-1 = {http://dx.doi.org/10.1046/j.1365-8711.2000.03184.x}}

@article{lefevre15,
	Adsnote = {Provided by the SAO/NASA Astrophysics Data System},
	Adsurl = {http://adsabs.harvard.edu/abs/2015A%26A...576A..79L},
	Archiveprefix = {arXiv},
	Author = {{Le F{\`e}vre}, O. and {Tasca}, L.~A.~M. and {Cassata}, P. and {Garilli}, B. and {Le Brun}, V. and {Maccagni}, D. and {Pentericci}, L. and {Thomas}, R. and {Vanzella}, E. and {Zamorani}, G. and {Zucca}, E. and {Amorin}, R. and {Bardelli}, S. and {Capak}, P. and {Cassar{\`a}}, L. and {Castellano}, M. and {Cimatti}, A. and {Cuby}, J.~G. and {Cucciati}, O. and {de la Torre}, S. and {Durkalec}, A. and {Fontana}, A. and {Giavalisco}, M. and {Grazian}, A. and {Hathi}, N.~P. and {Ilbert}, O. and {Lemaux}, B.~C. and {Moreau}, C. and {Paltani}, S. and {Ribeiro}, B. and {Salvato}, M. and {Schaerer}, D. and {Scodeggio}, M. and {Sommariva}, V. and {Talia}, M. and {Taniguchi}, Y. and {Tresse}, L. and {Vergani}, D. and {Wang}, P.~W. and {Charlot}, S. and {Contini}, T. and {Fotopoulou}, S. and {L{\'o}pez-Sanjuan}, C. and {Mellier}, Y. and {Scoville}, N.},
	Date-Added = {2015-04-13 00:51:52 +0000},
	Date-Modified = {2015-04-13 00:52:01 +0000},
	Doi = {10.1051/0004-6361/201423829},
	Eid = {A79},
	Eprint = {1403.3938},
	Journal = {\aap},
	Keywords = {galaxies: evolution, galaxies: high-redshift, cosmology: observations, large-scale structure of Universe, surveys, galaxies: formation},
	Month = apr,
	Pages = {A79},
	Primaryclass = {astro-ph.CO},
	Title = {{The VIMOS Ultra-Deep Survey: \~{}10 000 galaxies with spectroscopic redshifts to study galaxy assembly at early epochs 2 {\lt} z {\sime} 6}},
	Volume = 576,
	Year = 2015,
	Bdsk-Url-1 = {http://dx.doi.org/10.1051/0004-6361/201423829}}

@article{kornei10,
	Adsnote = {Provided by the SAO/NASA Astrophysics Data System},
	Adsurl = {http://adsabs.harvard.edu/abs/2010ApJ...711..693K},
	Archiveprefix = {arXiv},
	Author = {{Kornei}, K.~A. and {Shapley}, A.~E. and {Erb}, D.~K. and {Steidel}, C.~C. and {Reddy}, N.~A. and {Pettini}, M. and {Bogosavljevi{\'c}}, M.},
	Date-Added = {2015-04-13 00:51:02 +0000},
	Date-Modified = {2015-04-13 00:51:11 +0000},
	Doi = {10.1088/0004-637X/711/2/693},
	Eprint = {0911.2000},
	Journal = {\apj},
	Keywords = {galaxies: evolution, galaxies: high-redshift, galaxies: starburst},
	Month = mar,
	Pages = {693-710},
	Title = {{The Relationship between Stellar Populations and Ly{$\alpha$} Emission in Lyman Break Galaxies}},
	Volume = 711,
	Year = 2010,
	Bdsk-Url-1 = {http://dx.doi.org/10.1088/0004-637X/711/2/693}}

@article{steidel96b,
	Adsnote = {Provided by the SAO/NASA Astrophysics Data System},
	Adsurl = {http://adsabs.harvard.edu/abs/1996AJ....112..352S},
	Author = {{Steidel}, C.~C. and {Giavalisco}, M. and {Dickinson}, M. and {Adelberger}, K.~L.},
	Date-Added = {2015-04-13 00:49:57 +0000},
	Date-Modified = {2015-04-13 00:50:10 +0000},
	Doi = {10.1086/118019},
	Eprint = {astro-ph/9604140},
	Journal = {\aj},
	Keywords = {GALAXIES: FUNDAMENTAL PARAMETERS, GALAXIES: DISTANCES AND REDSHIFTS},
	Month = aug,
	Pages = {352},
	Title = {{Spectroscopy of Lyman Break Galaxies in the Hubble Deep Field}},
	Volume = 112,
	Year = 1996,
	Bdsk-Url-1 = {http://dx.doi.org/10.1086/118019}}

@article{kusakabe15,
	Adsnote = {Provided by the SAO/NASA Astrophysics Data System},
	Adsurl = {http://adsabs.harvard.edu/abs/2015ApJ...800L..29K},
	Archiveprefix = {arXiv},
	Author = {{Kusakabe}, H. and {Shimasaku}, K. and {Nakajima}, K. and {Ouchi}, M.},
	Date-Added = {2015-04-12 18:57:34 +0000},
	Date-Modified = {2015-04-12 18:57:44 +0000},
	Doi = {10.1088/2041-8205/800/2/L29},
	Eid = {L29},
	Eprint = {1411.1615},
	Journal = {\apjl},
	Keywords = {galaxies: evolution, galaxies: formation, galaxies: high-redshift, galaxies: star formation, infrared: galaxies},
	Month = feb,
	Pages = {L29},
	Title = {{First Infrared-Based Implications for the Dust Attenuation and Star Formation of Typical Ly{$\alpha$} Emitters}},
	Volume = 800,
	Year = 2015,
	Bdsk-Url-1 = {http://dx.doi.org/10.1088/2041-8205/800/2/L29}}

@article{speagle14,
	Adsnote = {Provided by the SAO/NASA Astrophysics Data System},
	Adsurl = {http://adsabs.harvard.edu/abs/2014ApJS..214...15S},
	Archiveprefix = {arXiv},
	Author = {{Speagle}, J.~S. and {Steinhardt}, C.~L. and {Capak}, P.~L. and {Silverman}, J.~D.},
	Date-Added = {2015-04-12 18:52:49 +0000},
	Date-Modified = {2015-04-12 18:52:58 +0000},
	Doi = {10.1088/0067-0049/214/2/15},
	Eid = {15},
	Eprint = {1405.2041},
	Journal = {\apjs},
	Keywords = {galaxies: evolution, galaxies: star formation, radio continuum: galaxies, surveys},
	Month = oct,
	Pages = {15},
	Title = {{A Highly Consistent Framework for the Evolution of the Star-Forming ''Main Sequence'' from z \~{} 0-6}},
	Volume = 214,
	Year = 2014,
	Bdsk-Url-1 = {http://dx.doi.org/10.1088/0067-0049/214/2/15}}

@article{hathi15,
	Adsnote = {Provided by the SAO/NASA Astrophysics Data System},
	Adsurl = {http://adsabs.harvard.edu/abs/2015arXiv150301753H},
	Archiveprefix = {arXiv},
	Author = {{Hathi}, N.~P. and {Le F{\`e}vre}, O. and {Ilbert}, O. and {Cassata}, P. and {Tasca}, L.~A.~M. and {Lemaux}, B.~C. and {Garilli}, B. and {Le Brun}, V. and {Maccagni}, D. and {Pentericci}, L. and {Thomas}, R. and {Vanzella}, E. and {Zamorani}, G. and {Zucca}, E. and {Amor{\'{\i}}n}, R. and {Bardelli}, S. and {Cassar{\`a}}, L.~P. and {Castellano}, M. and {Cimatti}, A. and {Cucciati}, O. and {Durkalec}, A. and {Fontana}, A. and {Giavalisco}, M. and {Grazian}, A. and {Guaita}, L. and {Koekemoer}, A. and {Paltani}, S. and {Pforr}, J. and {Ribeiro}, B. and {Schaerer}, D. and {Scodeggio}, M. and {Sommariva}, V. and {Talia}, M. and {Tresse}, L. and {Vergani}, D. and {Capak}, P. and {Charlot}, S. and {Contini}, T. and {Cuby}, J.~G. and {de la Torre}, S. and {Dunlop}, J. and {Fotopoulou}, S. and {L{\'o}pez-Sanjuan}, C. and {Mellier}, Y. and {Salvato}, M. and {Scoville}, N. and {Taniguchi}, Y. and {Wang}, P.~W.},
	Date-Added = {2015-04-12 02:13:38 +0000},
	Date-Modified = {2015-09-04 20:34:50 +0000},
	Eprint = {1503.01753},
	Journal = {submitted to \aap, ArXiv e-prints},
	Keywords = {Astrophysics - Astrophysics of Galaxies},
	Month = mar,
	Title = {{The VIMOS Ultra Deep Survey: Ly\$$\backslash$alpha\$ Emission and Stellar Populations of Star-Forming Galaxies at 2{\lt}z{\lt}2.5}},
	Year = 2015}

@article{finkelstein11,
	Adsnote = {Provided by the SAO/NASA Astrophysics Data System},
	Adsurl = {http://adsabs.harvard.edu/abs/2011ApJ...729..140F},
	Archiveprefix = {arXiv},
	Author = {{Finkelstein}, S.~L. and {Hill}, G.~J. and {Gebhardt}, K. and {Adams}, J. and {Blanc}, G.~A. and {Papovich}, C. and {Ciardullo}, R. and {Drory}, N. and {Gawiser}, E. and {Gronwall}, C. and {Schneider}, D.~P. and {Tran}, K.-V.},
	Date-Added = {2015-04-11 21:15:53 +0000},
	Date-Modified = {2015-04-11 21:16:02 +0000},
	Doi = {10.1088/0004-637X/729/2/140},
	Eid = {140},
	Eprint = {1011.0431},
	Journal = {\apj},
	Keywords = {galaxies: evolution},
	Month = mar,
	Pages = {140},
	Primaryclass = {astro-ph.CO},
	Title = {{The HETDEX Pilot Survey. III. The Low Metallicities of High-redshift Ly{$\alpha$} Galaxies}},
	Volume = 729,
	Year = 2011,
	Bdsk-Url-1 = {http://dx.doi.org/10.1088/0004-637X/729/2/140}}

@article{gawiser06,
	Adsnote = {Provided by the SAO/NASA Astrophysics Data System},
	Adsurl = {http://adsabs.harvard.edu/abs/2006ApJ...642L..13G},
	Author = {{Gawiser}, E. and {van Dokkum}, P.~G. and {Gronwall}, C. and {Ciardullo}, R. and {Blanc}, G.~A. and {Castander}, F.~J. and {Feldmeier}, J. and {Francke}, H. and {Franx}, M. and {Haberzettl}, L. and {Herrera}, D. and {Hickey}, T. and {Infante}, L. and {Lira}, P. and {Maza}, J. and {Quadri}, R. and {Richardson}, A. and {Schawinski}, K. and {Schirmer}, M. and {Taylor}, E.~N. and {Treister}, E. and {Urry}, C.~M. and {Virani}, S.~N.},
	Date-Added = {2015-04-11 21:07:30 +0000},
	Date-Modified = {2015-04-11 21:07:36 +0000},
	Doi = {10.1086/504467},
	Eprint = {astro-ph/0603244},
	Journal = {\apjl},
	Keywords = {Galaxies: High-Redshift},
	Month = may,
	Pages = {L13-L16},
	Title = {{The Physical Nature of Ly{$\alpha$}-emitting Galaxies at z=3.1}},
	Volume = 642,
	Year = 2006,
	Bdsk-Url-1 = {http://dx.doi.org/10.1086/504467}}

@article{nilsson11,
	Adsnote = {Provided by the SAO/NASA Astrophysics Data System},
	Adsurl = {http://adsabs.harvard.edu/abs/2011A%26A...529A...9N},
	Archiveprefix = {arXiv},
	Author = {{Nilsson}, K.~K. and {{\"O}stlin}, G. and {M{\o}ller}, P. and {M{\"o}ller-Nilsson}, O. and {Tapken}, C. and {Freudling}, W. and {Fynbo}, J.~P.~U.},
	Date-Added = {2015-04-11 17:00:46 +0000},
	Date-Modified = {2015-04-11 17:00:51 +0000},
	Doi = {10.1051/0004-6361/201015606},
	Eid = {A9},
	Eprint = {1009.0007},
	Journal = {\aap},
	Keywords = {cosmology: observations, galaxies: high-redshift},
	Month = may,
	Pages = {A9},
	Primaryclass = {astro-ph.CO},
	Title = {{The nature of z \~{} 2.3 Lyman-{$\alpha$} emitters}},
	Volume = 529,
	Year = 2011,
	Bdsk-Url-1 = {http://dx.doi.org/10.1051/0004-6361/201015606}}

@article{madau14,
	Adsnote = {Provided by the SAO/NASA Astrophysics Data System},
	Adsurl = {http://adsabs.harvard.edu/abs/2014ARA%26A..52..415M},
	Archiveprefix = {arXiv},
	Author = {{Madau}, P. and {Dickinson}, M.},
	Date-Added = {2015-04-08 01:16:11 +0000},
	Date-Modified = {2015-04-08 01:16:24 +0000},
	Doi = {10.1146/annurev-astro-081811-125615},
	Eprint = {1403.0007},
	Journal = {\araa},
	Month = aug,
	Pages = {415-486},
	Title = {{Cosmic Star-Formation History}},
	Volume = 52,
	Year = 2014,
	Bdsk-Url-1 = {http://dx.doi.org/10.1146/annurev-astro-081811-125615}}

@article{milvangjensen12,
	Adsnote = {Provided by the SAO/NASA Astrophysics Data System},
	Adsurl = {http://adsabs.harvard.edu/abs/2012ApJ...756...25M},
	Archiveprefix = {arXiv},
	Author = {{Milvang-Jensen}, B. and {Fynbo}, J.~P.~U. and {Malesani}, D. and {Hjorth}, J. and {Jakobsson}, P. and {M{\o}ller}, P.},
	Date-Added = {2015-03-19 20:28:38 +0000},
	Date-Modified = {2015-03-19 20:28:49 +0000},
	Doi = {10.1088/0004-637X/756/1/25},
	Eid = {25},
	Eprint = {1205.3779},
	Journal = {\apj},
	Keywords = {dust, extinction, galaxies: fundamental parameters, galaxies: high-redshift, galaxies: star formation, gamma-ray burst: general, surveys},
	Month = sep,
	Pages = {25},
	Primaryclass = {astro-ph.CO},
	Title = {{The Optically Unbiased GRB Host (TOUGH) Survey. IV. Ly{$\alpha$} Emitters}},
	Volume = 756,
	Year = 2012,
	Bdsk-Url-1 = {http://dx.doi.org/10.1088/0004-637X/756/1/25}}

@article{weinzirl11,
	Adsnote = {Provided by the SAO/NASA Astrophysics Data System},
	Adsurl = {http://adsabs.harvard.edu/abs/2011ApJ...743...87W},
	Archiveprefix = {arXiv},
	Author = {{Weinzirl}, T. and {Jogee}, S. and {Conselice}, C.~J. and {Papovich}, C. and {Chary}, R.-R. and {Bluck}, A. and {Gr{\"u}tzbauch}, R. and {Buitrago}, F. and {Mobasher}, B. and {Lucas}, R.~A. and {Dickinson}, M. and {Bauer}, A.~E.},
	Date-Added = {2015-03-18 19:22:31 +0000},
	Date-Modified = {2015-03-18 19:22:41 +0000},
	Doi = {10.1088/0004-637X/743/1/87},
	Eid = {87},
	Eprint = {1107.2591},
	Journal = {\apj},
	Keywords = {galaxies: evolution, galaxies: formation, galaxies: fundamental parameters, galaxies: interactions, galaxies: structure},
	Month = dec,
	Pages = {87},
	Primaryclass = {astro-ph.CO},
	Title = {{Insights on the Formation, Evolution, and Activity of Massive Galaxies from Ultracompact and Disky Galaxies at z = 2-3}},
	Volume = 743,
	Year = 2011,
	Bdsk-Url-1 = {http://dx.doi.org/10.1088/0004-637X/743/1/87}}

@article{conselice14,
	Adsnote = {Provided by the SAO/NASA Astrophysics Data System},
	Adsurl = {http://adsabs.harvard.edu/abs/2014ARA%26A..52..291C},
	Archiveprefix = {arXiv},
	Author = {{Conselice}, C.~J.},
	Date-Added = {2015-03-18 19:11:00 +0000},
	Date-Modified = {2015-03-18 19:11:12 +0000},
	Doi = {10.1146/annurev-astro-081913-040037},
	Eprint = {1403.2783},
	Journal = {\araa},
	Month = aug,
	Pages = {291-337},
	Title = {{The Evolution of Galaxy Structure Over Cosmic Time}},
	Volume = 52,
	Year = 2014,
	Bdsk-Url-1 = {http://dx.doi.org/10.1146/annurev-astro-081913-040037}}

@article{weinzirl09,
	Adsnote = {Provided by the SAO/NASA Astrophysics Data System},
	Adsurl = {http://adsabs.harvard.edu/abs/2009ApJ...696..411W},
	Archiveprefix = {arXiv},
	Author = {{Weinzirl}, T. and {Jogee}, S. and {Khochfar}, S. and {Burkert}, A. and {Kormendy}, J.},
	Date-Added = {2015-03-18 18:49:00 +0000},
	Date-Modified = {2015-03-18 18:49:12 +0000},
	Doi = {10.1088/0004-637X/696/1/411},
	Eprint = {0807.0040},
	Journal = {\apj},
	Keywords = {galaxies: bulges, galaxies: evolution, galaxies: formation, galaxies: fundamental parameters, galaxies: interactions, galaxies: structure},
	Month = may,
	Pages = {411-447},
	Title = {{Bulge n and B/T in High-Mass Galaxies: Constraints on the Origin of Bulges in Hierarchical Models}},
	Volume = 696,
	Year = 2009,
	Bdsk-Url-1 = {http://dx.doi.org/10.1088/0004-637X/696/1/411}}

@article{buat12,
	Adsnote = {Provided by the SAO/NASA Astrophysics Data System},
	Adsurl = {http://adsabs.harvard.edu/abs/2012A%26A...545A.141B},
	Archiveprefix = {arXiv},
	Author = {{Buat}, V. and {Noll}, S. and {Burgarella}, D. and {Giovannoli}, E. and {Charmandaris}, V. and {Pannella}, M. and {Hwang}, H.~S. and {Elbaz}, D. and {Dickinson}, M. and {Magdis}, G. and {Reddy}, N. and {Murphy}, E.~J.},
	Date-Added = {2015-03-17 23:41:58 +0000},
	Date-Modified = {2015-03-17 23:42:04 +0000},
	Doi = {10.1051/0004-6361/201219405},
	Eid = {A141},
	Eprint = {1207.3528},
	Journal = {\aap},
	Keywords = {galaxies: high-redshift, galaxies: ISM, galaxies: starburst, ultraviolet: galaxies, dust, extinction},
	Month = sep,
	Pages = {A141},
	Primaryclass = {astro-ph.CO},
	Title = {{GOODS-Herschel: dust attenuation properties of UV selected high redshift galaxies}},
	Volume = 545,
	Year = 2012,
	Bdsk-Url-1 = {http://dx.doi.org/10.1051/0004-6361/201219405}}

@article{reddy10,
	Adsnote = {Provided by the SAO/NASA Astrophysics Data System},
	Adsurl = {http://adsabs.harvard.edu/abs/2010ApJ...712.1070R},
	Archiveprefix = {arXiv},
	Author = {{Reddy}, N.~A. and {Erb}, D.~K. and {Pettini}, M. and {Steidel}, C.~C. and {Shapley}, A.~E.},
	Date-Added = {2015-03-17 23:40:14 +0000},
	Date-Modified = {2015-03-17 23:40:22 +0000},
	Doi = {10.1088/0004-637X/712/2/1070},
	Eprint = {1002.0837},
	Journal = {\apj},
	Keywords = {dust, extinction, galaxies: abundances, galaxies: evolution, galaxies: high-redshift, infrared: galaxies},
	Month = apr,
	Pages = {1070-1091},
	Primaryclass = {astro-ph.CO},
	Title = {{Dust Obscuration and Metallicity at High Redshift: New Inferences from UV, H{$\alpha$}, and 8 {$\mu$}m Observations of z \~{} 2 Star-forming Galaxies}},
	Volume = 712,
	Year = 2010,
	Bdsk-Url-1 = {http://dx.doi.org/10.1088/0004-637X/712/2/1070}}

@article{finkelstein09,
	Adsnote = {Provided by the SAO/NASA Astrophysics Data System},
	Adsurl = {http://adsabs.harvard.edu/abs/2009ApJ...691..465F},
	Archiveprefix = {arXiv},
	Author = {{Finkelstein}, S.~L. and {Rhoads}, J.~E. and {Malhotra}, S. and {Grogin}, N.},
	Date-Added = {2015-03-17 01:22:31 +0000},
	Date-Modified = {2015-03-17 01:22:39 +0000},
	Doi = {10.1088/0004-637X/691/1/465},
	Eprint = {0806.3269},
	Journal = {\apj},
	Keywords = {galaxies: evolution, galaxies: fundamental parameters, galaxies: high-redshift, galaxies: ISM},
	Month = jan,
	Pages = {465-481},
	Title = {{Lyman Alpha Galaxies: Primitive, Dusty, or Evolved?}},
	Volume = 691,
	Year = 2009,
	Bdsk-Url-1 = {http://dx.doi.org/10.1088/0004-637X/691/1/465}}

@article{shibuya14b,
	Adsnote = {Provided by the SAO/NASA Astrophysics Data System},
	Adsurl = {http://adsabs.harvard.edu/abs/2014ApJ...788...74S},
	Archiveprefix = {arXiv},
	Author = {{Shibuya}, T. and {Ouchi}, M. and {Nakajima}, K. and {Hashimoto}, T. and {Ono}, Y. and {Rauch}, M. and {Gauthier}, J.-R. and {Shimasaku}, K. and {Goto}, R. and {Mori}, M. and {Umemura.}, M.},
	Date-Added = {2015-03-16 01:47:53 +0000},
	Date-Modified = {2015-03-16 01:48:03 +0000},
	Doi = {10.1088/0004-637X/788/1/74},
	Eid = {74},
	Eprint = {1402.1168},
	Journal = {\apj},
	Keywords = {cosmology: observations, early universe, galaxies: formation, galaxies: high-redshift},
	Month = jun,
	Pages = {74},
	Title = {{What is the Physical Origin of Strong Ly{$\alpha$} Emission? II. Gas Kinematics and Distribution of Ly{$\alpha$} Emitters}},
	Volume = 788,
	Year = 2014,
	Bdsk-Url-1 = {http://dx.doi.org/10.1088/0004-637X/788/1/74}}

@article{scoville15,
	Adsnote = {Provided by the SAO/NASA Astrophysics Data System},
	Adsurl = {http://adsabs.harvard.edu/abs/2015ApJ...800..108S},
	Archiveprefix = {arXiv},
	Author = {{Scoville}, N. and {Faisst}, A. and {Capak}, P. and {Kakazu}, Y. and {Li}, G. and {Steinhardt}, C.},
	Date-Added = {2015-03-16 01:46:45 +0000},
	Date-Modified = {2015-03-16 01:46:52 +0000},
	Doi = {10.1088/0004-637X/800/2/108},
	Eid = {108},
	Eprint = {1412.8219},
	Journal = {\apj},
	Keywords = {cosmology: observations, dust, extinction, Galaxy: evolution, galaxies: high-redshift, ISM: clouds},
	Month = feb,
	Pages = {108},
	Title = {{Dust Attenuation in High Redshift Galaxies: ''Diamonds in the Sky''}},
	Volume = 800,
	Year = 2015,
	Bdsk-Url-1 = {http://dx.doi.org/10.1088/0004-637X/800/2/108}}

@article{planck13,
	Adsnote = {Provided by the SAO/NASA Astrophysics Data System},
	Adsurl = {http://adsabs.harvard.edu/abs/2014A%26A...571A..16P},
	Archiveprefix = {arXiv},
	Author = {{Ade}, P.~A.~R. and {Aghanim}, N. and {Armitage-Caplan}, C. and {Arnaud}, M. and {Ashdown}, M. and {Atrio-Barandela}, F. and {Aumont}, J. and {Baccigalupi}, C. and {Banday}, A.~J. and et al.},
	Date-Added = {2015-03-16 01:45:35 +0000},
	Date-Modified = {2015-05-10 22:02:41 +0000},
	Doi = {10.1051/0004-6361/201321591},
	Eid = {A16},
	Eprint = {1303.5076},
	Journal = {\aap},
	Keywords = {cosmic background radiation, cosmological parameters, early Universe, inflation, primordial nucleosynthesis},
	Month = nov,
	Pages = {A16},
	Primaryclass = {astro-ph.CO},
	Title = {{Planck 2013 results. XVI. Cosmological parameters}},
	Volume = 571,
	Year = 2014,
	Bdsk-Url-1 = {http://dx.doi.org/10.1051/0004-6361/201321591}}

@article{davari14,
	Adsnote = {Provided by the SAO/NASA Astrophysics Data System},
	Adsurl = {http://adsabs.harvard.edu/abs/2014ApJ...787...69D},
	Archiveprefix = {arXiv},
	Author = {{Davari}, R. and {Ho}, L.~C. and {Peng}, C.~Y. and {Huang}, S.},
	Date-Added = {2015-03-16 01:42:00 +0000},
	Date-Modified = {2015-03-16 01:42:09 +0000},
	Doi = {10.1088/0004-637X/787/1/69},
	Eid = {69},
	Eprint = {1404.2186},
	Journal = {\apj},
	Keywords = {galaxies: elliptical and lenticular, cD, galaxies: formation, galaxies: photometry, galaxies: structure, surveys},
	Month = may,
	Pages = {69},
	Title = {{How Robust are the Size Measurements of High-redshift Compact Galaxies?}},
	Volume = 787,
	Year = 2014,
	Bdsk-Url-1 = {http://dx.doi.org/10.1088/0004-637X/787/1/69}}

@article{ciardullo14,
	Adsnote = {Provided by the SAO/NASA Astrophysics Data System},
	Adsurl = {http://adsabs.harvard.edu/abs/2014ApJ...796...64C},
	Archiveprefix = {arXiv},
	Author = {{Ciardullo}, R. and {Zeimann}, G.~R. and {Gronwall}, C. and {Gebhardt}, H. and {Schneider}, D.~P. and {Hagen}, A. and {Malz}, A.~I. and {Blanc}, G.~A. and {Hill}, G.~J. and {Drory}, N. and {Gawiser}, E.},
	Date-Added = {2015-03-16 01:40:59 +0000},
	Date-Modified = {2015-03-16 01:41:08 +0000},
	Doi = {10.1088/0004-637X/796/1/64},
	Eid = {64},
	Eprint = {1409.8304},
	Journal = {\apj},
	Keywords = {cosmology: observations, galaxies: evolution, galaxies: formation, galaxies: luminosity function, mass function},
	Month = nov,
	Pages = {64},
	Title = {{Hubble Space Telescope Emission Line Galaxies at z \~{} 2: The Ly{$\alpha$} Escape Fraction}},
	Volume = 796,
	Year = 2014,
	Bdsk-Url-1 = {http://dx.doi.org/10.1088/0004-637X/796/1/64}}

@article{cassata15,
	Adsnote = {Provided by the SAO/NASA Astrophysics Data System},
	Adsurl = {http://adsabs.harvard.edu/abs/2015A%26A...573A..24C},
	Archiveprefix = {arXiv},
	Author = {{Cassata}, P. and {Tasca}, L.~A.~M. and {Le F{\`e}vre}, O. and {Lemaux}, B.~C. and {Garilli}, B. and {Le Brun}, V. and {Maccagni}, D. and {Pentericci}, L. and {Thomas}, R. and {Vanzella}, E. and {Zamorani}, G. and {Zucca}, E. and {Amorin}, R. and {Bardelli}, S. and {Capak}, P. and {Cassar{\`a}}, L.~P. and {Castellano}, M. and {Cimatti}, A. and {Cuby}, J.~G. and {Cucciati}, O. and {de la Torre}, S. and {Durkalec}, A. and {Fontana}, A. and {Giavalisco}, M. and {Grazian}, A. and {Hathi}, N.~P. and {Ilbert}, O. and {Moreau}, C. and {Paltani}, S. and {Ribeiro}, B. and {Salvato}, M. and {Schaerer}, D. and {Scodeggio}, M. and {Sommariva}, V. and {Talia}, M. and {Taniguchi}, Y. and {Tresse}, L. and {Vergani}, D. and {Wang}, P.~W. and {Charlot}, S. and {Contini}, T. and {Fotopoulou}, S. and {Koekemoer}, A.~M. and {L{\'o}pez-Sanjuan}, C. and {Mellier}, Y. and {Scoville}, N.},
	Date-Added = {2015-03-16 01:39:40 +0000},
	Date-Modified = {2015-03-16 01:39:49 +0000},
	Doi = {10.1051/0004-6361/201423824},
	Eid = {A24},
	Eprint = {1403.3693},
	Journal = {\aap},
	Keywords = {galaxies: evolution, galaxies: formation, galaxies: high-redshift, galaxies: fundamental parameters, cosmology: observations},
	Month = jan,
	Pages = {A24},
	Title = {{The VIMOS Ultra-Deep Survey (VUDS): fast increase in the fraction of strong Lyman-{$\alpha$} emitters from z = 2 to z = 6}},
	Volume = 573,
	Year = 2015,
	Bdsk-Url-1 = {http://dx.doi.org/10.1051/0004-6361/201423824}}

@article{bond14,
	Adsnote = {Provided by the SAO/NASA Astrophysics Data System},
	Adsurl = {http://adsabs.harvard.edu/abs/2014ApJ...791...18B},
	Author = {{Bond}, N.~A. and {Gardner}, J.~P. and {de Mello}, D.~F. and {Teplitz}, H.~I. and {Rafelski}, M. and {Koekemoer}, A.~M. and {Coe}, D. and {Grogin}, N. and {Gawiser}, E. and {Ravindranath}, S. and {Scarlata}, C.},
	Date-Added = {2015-03-16 01:38:18 +0000},
	Date-Modified = {2015-03-16 01:38:24 +0000},
	Doi = {10.1088/0004-637X/791/1/18},
	Eid = {18},
	Journal = {\apj},
	Keywords = {cosmology: observations, galaxies: formation, galaxies: high-redshift, galaxies: structure},
	Month = aug,
	Pages = {18},
	Title = {{The Rest-frame Ultraviolet Structure of 0.5 {\lt} z {\lt} 1.5 Galaxies}},
	Volume = 791,
	Year = 2014,
	Bdsk-Url-1 = {http://dx.doi.org/10.1088/0004-637X/791/1/18}}

@article{koekemoer11,
	Adsnote = {Provided by the SAO/NASA Astrophysics Data System},
	Adsurl = {http://adsabs.harvard.edu/abs/2011ApJS..197...36K},
	Archiveprefix = {arXiv},
	Author = {{Koekemoer}, A.~M. and {Faber}, S.~M. and {Ferguson}, H.~C. and {Grogin}, N.~A. and {Kocevski}, D.~D. and {Koo}, D.~C. and {Lai}, K. and {Lotz}, J.~M. and {Lucas}, R.~A. and {McGrath}, E.~J. and {Ogaz}, S. and {Rajan}, A. and {Riess}, A.~G. and {Rodney}, S.~A. and {Strolger}, L. and {Casertano}, S. and {Castellano}, M. and {Dahlen}, T. and {Dickinson}, M. and {Dolch}, T. and {Fontana}, A. and {Giavalisco}, M. and {Grazian}, A. and {Guo}, Y. and {Hathi}, N.~P. and {Huang}, K.-H. and {van der Wel}, A. and {Yan}, H.-J. and {Acquaviva}, V. and {Alexander}, D.~M. and {Almaini}, O. and {Ashby}, M.~L.~N. and {Barden}, M. and {Bell}, E.~F. and {Bournaud}, F. and {Brown}, T.~M. and {Caputi}, K.~I. and {Cassata}, P. and {Challis}, P.~J. and {Chary}, R.-R. and {Cheung}, E. and {Cirasuolo}, M. and {Conselice}, C.~J. and {Roshan Cooray}, A. and {Croton}, D.~J. and {Daddi}, E. and {Dav{\'e}}, R. and {de Mello}, D.~F. and {de Ravel}, L. and {Dekel}, A. and {Donley}, J.~L. and {Dunlop}, J.~S. and {Dutton}, A.~A. and {Elbaz}, D. and {Fazio}, G.~G. and {Filippenko}, A.~V. and {Finkelstein}, S.~L. and {Frazer}, C. and {Gardner}, J.~P. and {Garnavich}, P.~M. and {Gawiser}, E. and {Gruetzbauch}, R. and {Hartley}, W.~G. and {H{\"a}ussler}, B. and {Herrington}, J. and {Hopkins}, P.~F. and {Huang}, J.-S. and {Jha}, S.~W. and {Johnson}, A. and {Kartaltepe}, J.~S. and {Khostovan}, A.~A. and {Kirshner}, R.~P. and {Lani}, C. and {Lee}, K.-S. and {Li}, W. and {Madau}, P. and {McCarthy}, P.~J. and {McIntosh}, D.~H. and {McLure}, R.~J. and {McPartland}, C. and {Mobasher}, B. and {Moreira}, H. and {Mortlock}, A. and {Moustakas}, L.~A. and {Mozena}, M. and {Nandra}, K. and {Newman}, J.~A. and {Nielsen}, J.~L. and {Niemi}, S. and {Noeske}, K.~G. and {Papovich}, C.~J. and {Pentericci}, L. and {Pope}, A. and {Primack}, J.~R. and {Ravindranath}, S. and {Reddy}, N.~A. and {Renzini}, A. and {Rix}, H.-W. and {Robaina}, A.~R. and {Rosario}, D.~J. and {Rosati}, P. and {Salimbeni}, S. and {Scarlata}, C. and {Siana}, B. and {Simard}, L. and {Smidt}, J. and {Snyder}, D. and {Somerville}, R.~S. and {Spinrad}, H. and {Straughn}, A.~N. and {Telford}, O. and {Teplitz}, H.~I. and {Trump}, J.~R. and {Vargas}, C. and {Villforth}, C. and {Wagner}, C.~R. and {Wandro}, P. and {Wechsler}, R.~H. and {Weiner}, B.~J. and {Wiklind}, T. and {Wild}, V. and {Wilson}, G. and {Wuyts}, S. and {Yun}, M.~S.},
	Date-Added = {2015-03-15 20:38:45 +0000},
	Date-Modified = {2015-03-15 20:38:58 +0000},
	Doi = {10.1088/0067-0049/197/2/36},
	Eid = {36},
	Eprint = {1105.3754},
	Journal = {\apjs},
	Keywords = {cosmology: observations, galaxies: high-redshift},
	Month = dec,
	Pages = {36},
	Primaryclass = {astro-ph.CO},
	Title = {{CANDELS: The Cosmic Assembly Near-infrared Deep Extragalactic Legacy Survey{\mdash}The Hubble Space Telescope Observations, Imaging Data Products, and Mosaics}},
	Volume = 197,
	Year = 2011,
	Bdsk-Url-1 = {http://dx.doi.org/10.1088/0067-0049/197/2/36}}

@article{zeimann14,
	Adsnote = {Provided by the SAO/NASA Astrophysics Data System},
	Adsurl = {http://adsabs.harvard.edu/abs/2014ApJ...790..113Z},
	Archiveprefix = {arXiv},
	Author = {{Zeimann}, G.~R. and {Ciardullo}, R. and {Gebhardt}, H. and {Gronwall}, C. and {Schneider}, D.~P. and {Hagen}, A. and {Bridge}, J.~S. and {Feldmeier}, J. and {Trump}, J.~R.},
	Date-Added = {2015-02-27 18:52:00 +0000},
	Date-Modified = {2015-02-27 18:52:09 +0000},
	Doi = {10.1088/0004-637X/790/2/113},
	Eid = {113},
	Eprint = {1406.3355},
	Journal = {\apj},
	Keywords = {galaxies: abundances, galaxies: evolution, galaxies: fundamental parameters, galaxies: high-redshift, galaxies: star formation},
	Month = aug,
	Pages = {113},
	Title = {{3D-HST Emission Line Galaxies at z \~{} 2: Discrepancies in the Optical/UV Star Formation Rates}},
	Volume = 790,
	Year = 2014,
	Bdsk-Url-1 = {http://dx.doi.org/10.1088/0004-637X/790/2/113}}

@article{finkelstein08,
	Adsnote = {Provided by the SAO/NASA Astrophysics Data System},
	Adsurl = {http://adsabs.harvard.edu/abs/2008ApJ...678..655F},
	Archiveprefix = {arXiv},
	Author = {{Finkelstein}, S.~L. and {Rhoads}, J.~E. and {Malhotra}, S. and {Grogin}, N. and {Wang}, J.},
	Date-Added = {2015-02-27 18:41:21 +0000},
	Date-Modified = {2015-02-27 18:41:30 +0000},
	Doi = {10.1086/525272},
	Eprint = {0708.4226},
	Journal = {\apj},
	Keywords = {Galaxies: Evolution, Galaxies: Fundamental Parameters, Galaxies: High-Redshift, Galaxies: ISM},
	Month = may,
	Pages = {655-668},
	Title = {{Effects of Dust Geometry in Ly{$\alpha$} Galaxies at z = 4.4}},
	Volume = 678,
	Year = 2008,
	Bdsk-Url-1 = {http://dx.doi.org/10.1086/525272}}

@article{zeimann15,
	Adsnote = {Provided by the SAO/NASA Astrophysics Data System},
	Adsurl = {http://adsabs.harvard.edu/abs/2015ApJ...798...29Z},
	Archiveprefix = {arXiv},
	Author = {{Zeimann}, G.~R. and {Ciardullo}, R. and {Gebhardt}, H. and {Gronwall}, C. and {Hagen}, A. and {Trump}, J.~R. and {Bridge}, J.~S. and {Luo}, B. and {Schneider}, D.~P.},
	Date-Added = {2015-02-25 01:03:36 +0000},
	Date-Modified = {2015-02-25 01:04:00 +0000},
	Doi = {10.1088/0004-637X/798/1/29},
	Eid = {29},
	Eprint = {1410.6159},
	Journal = {\apj},
	Keywords = {galaxies: active, galaxies: evolution, galaxies: fundamental parameters, galaxies: ISM, galaxies: star formation},
	Month = jan,
	Pages = {29},
	Title = {{Hubble Space Telescope Emission-line Galaxies at z \~{} 2: The Mystery of Neon}},
	Volume = 798,
	Year = 2015,
	Bdsk-Url-1 = {http://dx.doi.org/10.1088/0004-637X/798/1/29}}

@article{skelton14,
	Adsnote = {Provided by the SAO/NASA Astrophysics Data System},
	Adsurl = {http://adsabs.harvard.edu/abs/2014ApJS..214...24S},
	Archiveprefix = {arXiv},
	Author = {{Skelton}, R.~E. and {Whitaker}, K.~E. and {Momcheva}, I.~G. and {Brammer}, G.~B. and {van Dokkum}, P.~G. and {Labb{\'e}}, I. and {Franx}, M. and {van der Wel}, A. and {Bezanson}, R. and {Da Cunha}, E. and {Fumagalli}, M. and {F{\"o}rster Schreiber}, N. and {Kriek}, M. and {Leja}, J. and {Lundgren}, B.~F. and {Magee}, D. and {Marchesini}, D. and {Maseda}, M.~V. and {Nelson}, E.~J. and {Oesch}, P. and {Pacifici}, C. and {Patel}, S.~G. and {Price}, S. and {Rix}, H.-W. and {Tal}, T. and {Wake}, D.~A. and {Wuyts}, S.},
	Date-Added = {2015-02-25 01:01:56 +0000},
	Date-Modified = {2015-02-25 01:02:01 +0000},
	Doi = {10.1088/0067-0049/214/2/24},
	Eid = {24},
	Eprint = {1403.3689},
	Journal = {\apjs},
	Keywords = {catalogs, galaxies: evolution, galaxies: general, methods: data analysis, techniques: photometric},
	Month = oct,
	Pages = {24},
	Title = {{3D-HST WFC3-selected Photometric Catalogs in the Five CANDELS/3D-HST Fields: Photometry, Photometric Redshifts, and Stellar Masses}},
	Volume = 214,
	Year = 2014,
	Bdsk-Url-1 = {http://dx.doi.org/10.1088/0067-0049/214/2/24}}

@article{gebhardt15,
	Author = {{Grasshorn Gebhardt}, H. and {Zeimann}, G.~R. and {Ciardullo}, R. and {Hagen}, A.},
	Date-Added = {2015-02-25 00:59:04 +0000},
	Date-Modified = {2015-11-27 18:15:55 +0000},
	Journal = {\apj},
	Title = {The Non-Fundamental Metallicity Relation},
	Volume = {In Press},
	Year = {2015}}

@inproceedings{hill08,
	Adsnote = {Provided by the SAO/NASA Astrophysics Data System},
	Adsurl = {http://adsabs.harvard.edu/abs/2008ASPC..399..115H},
	Archiveprefix = {arXiv},
	Author = {{Hill}, G.~J. and {Gebhardt}, K. and {Komatsu}, E. and {Drory}, N. and {MacQueen}, P.~J. and {Adams}, J. and {Blanc}, G.~A. and {Koehler}, R. and {Rafal}, M. and {Roth}, M.~M. and {Kelz}, A. and {Gronwall}, C. and {Ciardullo}, R. and {Schneider}, D.~P.},
	Booktitle = {Panoramic Views of Galaxy Formation and Evolution},
	Date-Added = {2015-02-18 22:36:26 +0000},
	Date-Modified = {2015-02-18 22:36:31 +0000},
	Editor = {{Kodama}, T. and {Yamada}, T. and {Aoki}, K.},
	Eprint = {0806.0183},
	Month = oct,
	Pages = {115},
	Series = {Astronomical Society of the Pacific Conference Series},
	Title = {{The Hobby-Eberly Telescope Dark Energy Experiment (HETDEX): Description and Early Pilot Survey Results}},
	Volume = 399,
	Year = 2008}

@article{hu98,
	Adsnote = {Provided by the SAO/NASA Astrophysics Data System},
	Adsurl = {http://adsabs.harvard.edu/abs/1998ApJ...502L..99H},
	Author = {{Hu}, E.~M. and {Cowie}, L.~L. and {McMahon}, R.~G.},
	Date-Added = {2015-02-18 22:32:35 +0000},
	Date-Modified = {2015-02-18 22:32:40 +0000},
	Doi = {10.1086/311506},
	Eprint = {astro-ph/9803011},
	Journal = {\apjl},
	Keywords = {COSMOLOGY: OBSERVATIONS, COSMOLOGY: EARLY UNIVERSE, GALAXIES: EVOLUTION, GALAXIES: FORMATION, Cosmology: Observations, Cosmology: Early Universe, Galaxies: Evolution, Galaxies: Formation},
	Month = aug,
	Pages = {L99-L103},
	Title = {{The Density of Ly{$\alpha$} Emitters at Very High Redshift}},
	Volume = 502,
	Year = 1998,
	Bdsk-Url-1 = {http://dx.doi.org/10.1086/311506}}

@article{cen15,
	Author = {{Cen}, R. and {Kimm}, Taysun},
	Date-Added = {2015-02-17 01:38:11 +0000},
	Date-Modified = {2015-02-17 01:38:53 +0000},
	Journal = {\apjl},
	Title = {Quantifying Distributions of Lyman Continuum Escape Fraction},
	Year = {2015}}

@article{colbert13,
	Adsnote = {Provided by the SAO/NASA Astrophysics Data System},
	Adsurl = {http://adsabs.harvard.edu/abs/2013ApJ...779...34C},
	Archiveprefix = {arXiv},
	Author = {{Colbert}, J.~W. and {Teplitz}, H. and {Atek}, H. and {Bunker}, A. and {Rafelski}, M. and {Ross}, N. and {Scarlata}, C. and {Bedregal}, A.~G. and {Dominguez}, A. and {Dressler}, A. and {Henry}, A. and {Malkan}, M. and {Martin}, C.~L. and {Masters}, D. and {McCarthy}, P. and {Siana}, B.},
	Date-Added = {2015-02-17 01:24:40 +0000},
	Date-Modified = {2015-02-17 01:24:45 +0000},
	Doi = {10.1088/0004-637X/779/1/34},
	Eid = {34},
	Eprint = {1305.1399},
	Journal = {\apj},
	Keywords = {galaxies: evolution, galaxies: high-redshift, galaxies: luminosity function, mass function},
	Month = dec,
	Pages = {34},
	Primaryclass = {astro-ph.CO},
	Title = {{Predicting Future Space Near-IR Grism Surveys Using the WFC3 Infrared Spectroscopic Parallels Survey}},
	Volume = 779,
	Year = 2013,
	Bdsk-Url-1 = {http://dx.doi.org/10.1088/0004-637X/779/1/34}}

@article{anderson52,
	Author = {Anderson, T. W. and Darling, D. A.},
	Date-Added = {2014-11-03 22:16:50 +0000},
	Date-Modified = {2014-11-03 22:19:07 +0000},
	Journal = {The Annals of Mathematical Statistics},
	Month = {06},
	Number = {2},
	Pages = {193--212},
	Title = {Asymptotic Theory of Certain Goodness of Fit Criteria Based on Stochastic Processes},
	Volume = {23},
	Year = {1952}}

@article{kolmogorov33,
	Author = {Kolmogorov, A},
	Date-Added = {2014-11-03 22:12:45 +0000},
	Date-Modified = {2014-11-03 22:13:56 +0000},
	Journal = {G. Inst. Ital. Attuari},
	Number = {4},
	Pages = {83-91},
	Title = {Sulla determinazione empirica di una legge di distribuzione},
	Year = {1933}}

@article{smirnov48,
	Ajournal = {Ann. Math. Statist.},
	Author = {Smirnov, N.},
	Date-Added = {2014-11-03 22:11:38 +0000},
	Date-Modified = {2014-11-03 22:11:51 +0000},
	Doi = {10.1214/aoms/1177730256},
	Journal = {The Annals of Mathematical Statistics},
	Month = {06},
	Number = {2},
	Pages = {279--281},
	Publisher = {The Institute of Mathematical Statistics},
	Title = {Table for Estimating the Goodness of Fit of Empirical Distributions},
	Url = {http://dx.doi.org/10.1214/aoms/1177730256},
	Volume = {19},
	Year = {1948},
	Bdsk-Url-1 = {http://dx.doi.org/10.1214/aoms/1177730256}}

@manual{R:kSamples,
	Author = {Fritz Scholz and Angie Zhu},
	Date-Added = {2014-11-03 22:06:12 +0000},
	Date-Modified = {2014-11-03 22:06:57 +0000},
	Title = {kSamples: K-Sample Rank Tests and their Combinations},
	Year = {2012}}

@article{gelman92,
	Ajournal = {Statist. Sci.},
	Author = {Gelman, Andrew and Rubin, Donald B.},
	Date-Added = {2014-11-03 20:07:39 +0000},
	Date-Modified = {2014-11-03 20:07:45 +0000},
	Doi = {10.1214/ss/1177011136},
	Journal = {Statistical Science},
	Month = {11},
	Number = {4},
	Pages = {457--472},
	Publisher = {The Institute of Mathematical Statistics},
	Title = {Inference from Iterative Simulation Using Multiple Sequences},
	Url = {http://dx.doi.org/10.1214/ss/1177011136},
	Volume = {7},
	Year = {1992},
	Bdsk-Url-1 = {http://dx.doi.org/10.1214/ss/1177011136}}

@article{brooks98,
	Author = {Brooks, Stephen P. and Gelman, Andrew},
	Date-Added = {2014-11-03 20:02:41 +0000},
	Date-Modified = {2014-11-03 20:02:50 +0000},
	Doi = {10.1080/10618600.1998.10474787},
	Eprint = {http://www.tandfonline.com/doi/pdf/10.1080/10618600.1998.10474787},
	Journal = {Journal of Computational and Graphical Statistics},
	Number = {4},
	Pages = {434-455},
	Title = {General Methods for Monitoring Convergence of Iterative Simulations},
	Url = {http://www.tandfonline.com/doi/abs/10.1080/10618600.1998.10474787},
	Volume = {7},
	Year = {1998},
	Bdsk-Url-1 = {http://www.tandfonline.com/doi/abs/10.1080/10618600.1998.10474787},
	Bdsk-Url-2 = {http://dx.doi.org/10.1080/10618600.1998.10474787}}

@article{lewis02,
	Author = {Lewis, Antony and Bridle, Sarah},
	Date-Added = {2014-11-03 19:57:00 +0000},
	Date-Modified = {2014-11-03 19:57:10 +0000},
	Doi = {10.1103/PhysRevD.66.103511},
	Issue = {10},
	Journal = {Phys. Rev. D},
	Month = {Nov},
	Numpages = {16},
	Pages = {103511},
	Publisher = {American Physical Society},
	Title = {Cosmological parameters from CMB and other data: A Monte Carlo approach},
	Url = {http://link.aps.org/doi/10.1103/PhysRevD.66.103511},
	Volume = {66},
	Year = {2002},
	Bdsk-Url-1 = {http://link.aps.org/doi/10.1103/PhysRevD.66.103511},
	Bdsk-Url-2 = {http://dx.doi.org/10.1103/PhysRevD.66.103511}}

@misc{acquaviva12,
	Author = {{Acquaviva}, V.},
	Date-Added = {2014-11-03 19:55:00 +0000},
	Date-Modified = {2014-11-03 19:55:42 +0000},
	Title = {Personal Communication},
	Year = {2012}}

@article{schaerer09,
	Adsnote = {Provided by the SAO/NASA Astrophysics Data System},
	Adsurl = {http://adsabs.harvard.edu/abs/2009A%26A...502..423S},
	Archiveprefix = {arXiv},
	Author = {{Schaerer}, D. and {de Barros}, S.},
	Date-Added = {2014-11-03 19:54:45 +0000},
	Date-Modified = {2014-11-03 19:54:53 +0000},
	Doi = {10.1051/0004-6361/200911781},
	Eprint = {0905.0866},
	Journal = {\aap},
	Keywords = {galaxies: starburst, galaxies: high-redshift},
	Month = aug,
	Pages = {423-426},
	Primaryclass = {astro-ph.CO},
	Title = {{The impact of nebular emission on the ages of z{\ap} 6 galaxies}},
	Volume = 502,
	Year = 2009,
	Bdsk-Url-1 = {http://dx.doi.org/10.1051/0004-6361/200911781}}

@article{song14,
	Adsnote = {Provided by the SAO/NASA Astrophysics Data System},
	Adsurl = {http://adsabs.harvard.edu/abs/2014ApJ...791....3S},
	Archiveprefix = {arXiv},
	Author = {{Song}, M. and {Finkelstein}, S.~L. and {Gebhardt}, K. and {Hill}, G.~J. and {Drory}, N. and {Ashby}, M.~L.~N. and {Blanc}, G.~A. and {Bridge}, J. and {Chonis}, T. and {Ciardullo}, R. and {Fabricius}, M. and {Fazio}, G.~G. and {Gawiser}, E. and {Gronwall}, C. and {Hagen}, A. and {Huang}, J.-S. and {Jogee}, S. and {Livermore}, R. and {Salmon}, B. and {Schneider}, D.~P. and {Willner}, S.~P. and {Zeimann}, G.~R.},
	Date-Added = {2014-11-03 19:51:40 +0000},
	Date-Modified = {2014-11-03 19:51:45 +0000},
	Doi = {10.1088/0004-637X/791/1/3},
	Eid = {3},
	Eprint = {1406.4503},
	Journal = {\apj},
	Keywords = {galaxies: evolution, galaxies: high-redshift, galaxies: ISM},
	Month = aug,
	Pages = {3},
	Title = {{The HETDEX Pilot Survey. V. The Physical Origin of Ly{$\alpha$} Emitters Probed by Near-infrared Spectroscopy}},
	Volume = 791,
	Year = 2014,
	Bdsk-Url-1 = {http://dx.doi.org/10.1088/0004-637X/791/1/3}}

@article{nakajima13,
	Adsnote = {Provided by the SAO/NASA Astrophysics Data System},
	Adsurl = {http://adsabs.harvard.edu/abs/2013ApJ...769....3N},
	Archiveprefix = {arXiv},
	Author = {{Nakajima}, K. and {Ouchi}, M. and {Shimasaku}, K. and {Hashimoto}, T. and {Ono}, Y. and {Lee}, J.~C.},
	Date-Added = {2014-11-03 19:50:36 +0000},
	Date-Modified = {2014-11-03 19:50:42 +0000},
	Doi = {10.1088/0004-637X/769/1/3},
	Eid = {3},
	Eprint = {1208.3260},
	Journal = {\apj},
	Keywords = {galaxies: evolution},
	Month = may,
	Pages = {3},
	Primaryclass = {astro-ph.CO},
	Title = {{First Spectroscopic Evidence for High Ionization State and Low Oxygen Abundance in Ly{$\alpha$} Emitters}},
	Volume = 769,
	Year = 2013,
	Bdsk-Url-1 = {http://dx.doi.org/10.1088/0004-637X/769/1/3}}

@article{erb06,
	Adsnote = {Provided by the SAO/NASA Astrophysics Data System},
	Adsurl = {http://adsabs.harvard.edu/abs/2006ApJ...647..128E},
	Author = {{Erb}, D.~K. and {Steidel}, C.~C. and {Shapley}, A.~E. and {Pettini}, M. and {Reddy}, N.~A. and {Adelberger}, K.~L.},
	Date-Added = {2014-11-03 19:43:28 +0000},
	Date-Modified = {2014-11-03 19:43:33 +0000},
	Doi = {10.1086/505341},
	Eprint = {astro-ph/0604388},
	Journal = {\apj},
	Keywords = {Galaxies: Evolution, Galaxies: High-Redshift, Stars: Formation},
	Month = aug,
	Pages = {128-139},
	Title = {{H{$\alpha$} Observations of a Large Sample of Galaxies at z \~{} 2: Implications for Star Formation in High-Redshift Galaxies}},
	Volume = 647,
	Year = 2006,
	Bdsk-Url-1 = {http://dx.doi.org/10.1086/505341}}

@article{price14,
	Adsnote = {Provided by the SAO/NASA Astrophysics Data System},
	Adsurl = {http://adsabs.harvard.edu/abs/2014ApJ...788...86P},
	Archiveprefix = {arXiv},
	Author = {{Price}, S.~H. and {Kriek}, M. and {Brammer}, G.~B. and {Conroy}, C. and {F{\"o}rster Schreiber}, N.~M. and {Franx}, M. and {Fumagalli}, M. and {Lundgren}, B. and {Momcheva}, I. and {Nelson}, E.~J. and {Skelton}, R.~E. and {van Dokkum}, P.~G. and {Whitaker}, K.~E. and {Wuyts}, S.},
	Date-Added = {2014-11-03 19:40:24 +0000},
	Date-Modified = {2014-11-03 19:40:28 +0000},
	Doi = {10.1088/0004-637X/788/1/86},
	Eid = {86},
	Eprint = {1310.4177},
	Journal = {\apj},
	Keywords = {dust, extinction, galaxies: evolution, galaxies: high-redshift},
	Month = jun,
	Pages = {86},
	Title = {{Direct Measurements of Dust Attenuation in z \~{} 1.5 Star-forming Galaxies from 3D-HST: Implications for Dust Geometry and Star Formation Rates}},
	Volume = 788,
	Year = 2014,
	Bdsk-Url-1 = {http://dx.doi.org/10.1088/0004-637X/788/1/86}}

@article{wuyts13,
	Adsnote = {Provided by the SAO/NASA Astrophysics Data System},
	Adsurl = {http://adsabs.harvard.edu/abs/2013ApJ...779..135W},
	Archiveprefix = {arXiv},
	Author = {{Wuyts}, S. and {F{\"o}rster Schreiber}, N.~M. and {Nelson}, E.~J. and {van Dokkum}, P.~G. and {Brammer}, G. and {Chang}, Y.-Y. and {Faber}, S.~M. and {Ferguson}, H.~C. and {Franx}, M. and {Fumagalli}, M. and {Genzel}, R. and {Grogin}, N.~A. and {Kocevski}, D.~D. and {Koekemoer}, A.~M. and {Lundgren}, B. and {Lutz}, D. and {McGrath}, E.~J. and {Momcheva}, I. and {Rosario}, D. and {Skelton}, R.~E. and {Tacconi}, L.~J. and {van der Wel}, A. and {Whitaker}, K.~E.},
	Date-Added = {2014-11-03 19:39:22 +0000},
	Date-Modified = {2014-11-03 19:39:29 +0000},
	Doi = {10.1088/0004-637X/779/2/135},
	Eid = {135},
	Eprint = {1310.5702},
	Journal = {\apj},
	Keywords = {galaxies: high-redshift, galaxies: stellar content, galaxies: structure, stars: formation},
	Month = dec,
	Pages = {135},
	Primaryclass = {astro-ph.CO},
	Title = {{A CANDELS-3D-HST synergy: Resolved Star Formation Patterns at 0.7 {\lt} z {\lt} 1.5}},
	Volume = 779,
	Year = 2013,
	Bdsk-Url-1 = {http://dx.doi.org/10.1088/0004-637X/779/2/135}}

@article{mannucci09,
	Adsnote = {Provided by the SAO/NASA Astrophysics Data System},
	Adsurl = {http://adsabs.harvard.edu/abs/2009MNRAS.398.1915M},
	Archiveprefix = {arXiv},
	Author = {{Mannucci}, F. and {Cresci}, G. and {Maiolino}, R. and {Marconi}, A. and {Pastorini}, G. and {Pozzetti}, L. and {Gnerucci}, A. and {Risaliti}, G. and {Schneider}, R. and {Lehnert}, M. and {Salvati}, M.},
	Date-Added = {2014-11-03 19:38:38 +0000},
	Date-Modified = {2014-11-03 19:38:45 +0000},
	Doi = {10.1111/j.1365-2966.2009.15185.x},
	Eprint = {0902.2398},
	Journal = {\mnras},
	Keywords = {galaxies: abundances , galaxies: formation , galaxies: high-redshift , galaxies: starburst},
	Month = oct,
	Pages = {1915-1931},
	Primaryclass = {astro-ph.CO},
	Title = {{LSD: Lyman-break galaxies Stellar populations and Dynamics - I. Mass, metallicity and gas at z \~{} 3.1}},
	Volume = 398,
	Year = 2009,
	Bdsk-Url-1 = {http://dx.doi.org/10.1111/j.1365-2966.2009.15185.x}}

@article{forsterschreiber09,
	Adsnote = {Provided by the SAO/NASA Astrophysics Data System},
	Adsurl = {http://adsabs.harvard.edu/abs/2009ApJ...706.1364F},
	Archiveprefix = {arXiv},
	Author = {{F{\"o}rster Schreiber}, N.~M. and {Genzel}, R. and {Bouch{\'e}}, N. and {Cresci}, G. and {Davies}, R. and {Buschkamp}, P. and {Shapiro}, K. and {Tacconi}, L.~J. and {Hicks}, E.~K.~S. and {Genel}, S. and {Shapley}, A.~E. and {Erb}, D.~K. and {Steidel}, C.~C. and {Lutz}, D. and {Eisenhauer}, F. and {Gillessen}, S. and {Sternberg}, A. and {Renzini}, A. and {Cimatti}, A. and {Daddi}, E. and {Kurk}, J. and {Lilly}, S. and {Kong}, X. and {Lehnert}, M.~D. and {Nesvadba}, N. and {Verma}, A. and {McCracken}, H. and {Arimoto}, N. and {Mignoli}, M. and {Onodera}, M.},
	Date-Added = {2014-11-03 19:37:08 +0000},
	Date-Modified = {2014-11-03 19:37:24 +0000},
	Doi = {10.1088/0004-637X/706/2/1364},
	Eprint = {0903.1872},
	Journal = {\apj},
	Keywords = {galaxies: evolution, galaxies: high-redshift, galaxies: kinematics and dynamics, infrared: galaxies},
	Month = dec,
	Pages = {1364-1428},
	Primaryclass = {astro-ph.CO},
	Title = {{The SINS Survey: SINFONI Integral Field Spectroscopy of z \~{} 2 Star-forming Galaxies}},
	Volume = 706,
	Year = 2009,
	Bdsk-Url-1 = {http://dx.doi.org/10.1088/0004-637X/706/2/1364}}

@article{kennicutt12,
	Adsnote = {Provided by the SAO/NASA Astrophysics Data System},
	Adsurl = {http://adsabs.harvard.edu/abs/2012ARA%26A..50..531K},
	Archiveprefix = {arXiv},
	Author = {{Kennicutt}, R.~C. and {Evans}, N.~J.},
	Date-Added = {2014-11-03 19:13:26 +0000},
	Date-Modified = {2014-11-03 19:13:31 +0000},
	Doi = {10.1146/annurev-astro-081811-125610},
	Eprint = {1204.3552},
	Journal = {\araa},
	Month = sep,
	Pages = {531-608},
	Primaryclass = {astro-ph.GA},
	Title = {{Star Formation in the Milky Way and Nearby Galaxies}},
	Volume = 50,
	Year = 2012,
	Bdsk-Url-1 = {http://dx.doi.org/10.1146/annurev-astro-081811-125610}}

@article{murphy11,
	Adsnote = {Provided by the SAO/NASA Astrophysics Data System},
	Adsurl = {http://adsabs.harvard.edu/abs/2011ApJ...737...67M},
	Archiveprefix = {arXiv},
	Author = {{Murphy}, E.~J. and {Condon}, J.~J. and {Schinnerer}, E. and {Kennicutt}, R.~C. and {Calzetti}, D. and {Armus}, L. and {Helou}, G. and {Turner}, J.~L. and {Aniano}, G. and {Beir{\~a}o}, P. and {Bolatto}, A.~D. and {Brandl}, B.~R. and {Croxall}, K.~V. and {Dale}, D.~A. and {Donovan Meyer}, J.~L. and {Draine}, B.~T. and {Engelbracht}, C. and {Hunt}, L.~K. and {Hao}, C.-N. and {Koda}, J. and {Roussel}, H. and {Skibba}, R. and {Smith}, J.-D.~T.},
	Date-Added = {2014-11-03 19:12:26 +0000},
	Date-Modified = {2014-11-03 19:12:31 +0000},
	Doi = {10.1088/0004-637X/737/2/67},
	Eid = {67},
	Eprint = {1105.4877},
	Journal = {\apj},
	Keywords = {cosmic rays, galaxies: individual: NGC 6946, H II regions, infrared: general, radio continuum: general, stars: formation},
	Month = aug,
	Pages = {67},
	Primaryclass = {astro-ph.CO},
	Title = {{Calibrating Extinction-free Star Formation Rate Diagnostics with 33 GHz Free-free Emission in NGC 6946}},
	Volume = 737,
	Year = 2011,
	Bdsk-Url-1 = {http://dx.doi.org/10.1088/0004-637X/737/2/67}}

@article{hao11,
	Adsnote = {Provided by the SAO/NASA Astrophysics Data System},
	Adsurl = {http://adsabs.harvard.edu/abs/2011ApJ...741..124H},
	Archiveprefix = {arXiv},
	Author = {{Hao}, C.-N. and {Kennicutt}, R.~C. and {Johnson}, B.~D. and {Calzetti}, D. and {Dale}, D.~A. and {Moustakas}, J.},
	Date-Added = {2014-11-03 18:46:04 +0000},
	Date-Modified = {2014-11-03 18:46:13 +0000},
	Doi = {10.1088/0004-637X/741/2/124},
	Eid = {124},
	Eprint = {1108.2837},
	Journal = {\apj},
	Keywords = {dust, extinction, galaxies: ISM, infrared: galaxies, ultraviolet: galaxies},
	Month = nov,
	Pages = {124},
	Primaryclass = {astro-ph.CO},
	Title = {{Dust-corrected Star Formation Rates of Galaxies. II. Combinations of Ultraviolet and Infrared Tracers}},
	Volume = 741,
	Year = 2011,
	Bdsk-Url-1 = {http://dx.doi.org/10.1088/0004-637X/741/2/124}}

@article{GOODS,
	Adsnote = {Provided by the SAO/NASA Astrophysics Data System},
	Adsurl = {http://adsabs.harvard.edu/abs/2004ApJ...600L..93G},
	Author = {{Giavalisco}, M. and {Ferguson}, H.~C. and {Koekemoer}, A.~M. and {Dickinson}, M. and {Alexander}, D.~M. and {Bauer}, F.~E. and {Bergeron}, J. and {Biagetti}, C. and {Brandt}, W.~N. and {Casertano}, S. and {Cesarsky}, C. and {Chatzichristou}, E. and {Conselice}, C. and {Cristiani}, S. and {Da Costa}, L. and {Dahlen}, T. and {de Mello}, D. and {Eisenhardt}, P. and {Erben}, T. and {Fall}, S.~M. and {Fassnacht}, C. and {Fosbury}, R. and {Fruchter}, A. and {Gardner}, J.~P. and {Grogin}, N. and {Hook}, R.~N. and {Hornschemeier}, A.~E. and {Idzi}, R. and {Jogee}, S. and {Kretchmer}, C. and {Laidler}, V. and {Lee}, K.~S. and {Livio}, M. and {Lucas}, R. and {Madau}, P. and {Mobasher}, B. and {Moustakas}, L.~A. and {Nonino}, M. and {Padovani}, P. and {Papovich}, C. and {Park}, Y. and {Ravindranath}, S. and {Renzini}, A. and {Richardson}, M. and {Riess}, A. and {Rosati}, P. and {Schirmer}, M. and {Schreier}, E. and {Somerville}, R.~S. and {Spinrad}, H. and {Stern}, D. and {Stiavelli}, M. and {Strolger}, L. and {Urry}, C.~M. and {Vandame}, B. and {Williams}, R. and {Wolf}, C.},
	Date-Added = {2014-11-03 18:20:59 +0000},
	Date-Modified = {2014-11-03 18:21:06 +0000},
	Doi = {10.1086/379232},
	Eprint = {astro-ph/0309105},
	Journal = {\apjl},
	Keywords = {Cosmology: Observations, Galaxies: Distances and Redshifts, Galaxies: Evolution, Galaxies: Formation},
	Month = jan,
	Pages = {L93-L98},
	Title = {{The Great Observatories Origins Deep Survey: Initial Results from Optical and Near-Infrared Imaging}},
	Volume = 600,
	Year = 2004,
	Bdsk-Url-1 = {http://dx.doi.org/10.1086/379232}}

@article{COSMOS,
	Adsnote = {Provided by the SAO/NASA Astrophysics Data System},
	Adsurl = {http://adsabs.harvard.edu/abs/2007ApJS..172....1S},
	Author = {{Scoville}, N. and {Aussel}, H. and {Brusa}, M. and {Capak}, P. and {Carollo}, C.~M. and {Elvis}, M. and {Giavalisco}, M. and {Guzzo}, L. and {Hasinger}, G. and {Impey}, C. and {Kneib}, J.-P. and {LeFevre}, O. and {Lilly}, S.~J. and {Mobasher}, B. and {Renzini}, A. and {Rich}, R.~M. and {Sanders}, D.~B. and {Schinnerer}, E. and {Schminovich}, D. and {Shopbell}, P. and {Taniguchi}, Y. and {Tyson}, N.~D.},
	Date-Added = {2014-11-03 18:19:55 +0000},
	Date-Modified = {2014-11-03 18:20:03 +0000},
	Doi = {10.1086/516585},
	Eprint = {astro-ph/0612305},
	Journal = {\apjs},
	Keywords = {Cosmology: Observations, Cosmology: Dark Matter, Galaxies: Evolution, Galaxies: Formation, Cosmology: Large-Scale Structure of Universe, Surveys},
	Month = sep,
	Pages = {1-8},
	Title = {{The Cosmic Evolution Survey (COSMOS): Overview}},
	Volume = 172,
	Year = 2007,
	Bdsk-Url-1 = {http://dx.doi.org/10.1086/516585}}

@inproceedings{weiner14,
	Adsnote = {Provided by the SAO/NASA Astrophysics Data System},
	Adsurl = {http://adsabs.harvard.edu/abs/2014AAS...22322707W},
	Author = {{Weiner}, B.~J. and others},
	Booktitle = {American Astronomical Society Meeting Abstracts \#223},
	Date-Added = {2014-11-03 18:12:22 +0000},
	Date-Modified = {2015-10-13 14:52:54 +0000},
	Month = jan,
	Pages = {\#227.07},
	Series = {American Astronomical Society Meeting Abstracts},
	Title = {{Star formation rates and extinction at z=1-2 from the AGHAST HST infrared grism survey}},
	Volume = 223,
	Year = 2014}

@article{bouwens10,
	Adsnote = {Provided by the SAO/NASA Astrophysics Data System},
	Adsurl = {http://adsabs.harvard.edu/abs/2010ApJ...709L.133B},
	Archiveprefix = {arXiv},
	Author = {{Bouwens}, R.~J. and {Illingworth}, G.~D. and {Oesch}, P.~A. and {Stiavelli}, M. and {van Dokkum}, P. and {Trenti}, M. and {Magee}, D. and {Labb{\'e}}, I. and {Franx}, M. and {Carollo}, C.~M. and {Gonzalez}, V.},
	Date-Added = {2014-11-03 18:03:20 +0000},
	Date-Modified = {2014-11-03 18:03:28 +0000},
	Doi = {10.1088/2041-8205/709/2/L133},
	Eprint = {0909.1803},
	Journal = {\apjl},
	Keywords = {galaxies: evolution, galaxies: high-redshift},
	Month = feb,
	Pages = {L133-L137},
	Primaryclass = {astro-ph.CO},
	Title = {{Discovery of z \~{} 8 Galaxies in the Hubble Ultra Deep Field from Ultra-Deep WFC3/IR Observations}},
	Volume = 709,
	Year = 2010,
	Bdsk-Url-1 = {http://dx.doi.org/10.1088/2041-8205/709/2/L133}}

@article{gronke14,
	Adsnote = {Provided by the SAO/NASA Astrophysics Data System},
	Adsurl = {http://adsabs.harvard.edu/abs/2014MNRAS.444.1095G},
	Archiveprefix = {arXiv},
	Author = {{Gronke}, M. and {Dijkstra}, M.},
	Date-Added = {2014-11-03 00:00:10 +0000},
	Date-Modified = {2014-11-03 00:00:19 +0000},
	Doi = {10.1093/mnras/stu1513},
	Eprint = {1406.6709},
	Journal = {\mnras},
	Keywords = {line: formation, radiative transfer, scattering, ISM: clouds, galaxies: high-redshift, galaxies: ISM},
	Month = oct,
	Pages = {1095-1103},
	Title = {{Directional Ly{$\alpha$} equivalent boosting - I. Spherically symmetric distributions of clumps}},
	Volume = 444,
	Year = 2014,
	Bdsk-Url-1 = {http://dx.doi.org/10.1093/mnras/stu1513}}

@article{almgren2013,
	Adsnote = {Provided by the SAO/NASA Astrophysics Data System},
	Adsurl = {http://adsabs.harvard.edu/abs/2013ApJ...765...39A},
	Archiveprefix = {arXiv},
	Author = {{Almgren}, A.~S. and {Bell}, J.~B. and {Lijewski}, M.~J. and {Luki{\'c}}, Z. and {Van Andel}, E.},
	Date-Added = {2014-10-23 20:35:05 +0000},
	Date-Modified = {2014-10-23 20:35:12 +0000},
	Doi = {10.1088/0004-637X/765/1/39},
	Eid = {39},
	Eprint = {1301.4498},
	Journal = {\apj},
	Keywords = {gravitation, hydrodynamics, methods: numerical},
	Month = mar,
	Pages = {39},
	Primaryclass = {astro-ph.IM},
	Title = {{Nyx: A Massively Parallel AMR Code for Computational Cosmology}},
	Volume = 765,
	Year = 2013,
	Bdsk-Url-1 = {http://dx.doi.org/10.1088/0004-637X/765/1/39}}

@article{braun2014,
	Adsnote = {Provided by the SAO/NASA Astrophysics Data System},
	Adsurl = {http://adsabs.harvard.edu/abs/2014MNRAS.442.3407B},
	Archiveprefix = {arXiv},
	Author = {{Braun}, H. and {Schmidt}, W. and {Niemeyer}, J.~C. and {Almgren}, A.~S.},
	Date-Added = {2014-10-23 20:34:21 +0000},
	Date-Modified = {2014-10-23 20:34:28 +0000},
	Doi = {10.1093/mnras/stu1119},
	Eprint = {1405.6245},
	Journal = {\mnras},
	Keywords = {turbulence, methods: numerical, stars: formation, galaxies: ISM},
	Month = aug,
	Pages = {3407-3426},
	Title = {{Large-eddy simulations of isolated disc galaxies with thermal and turbulent feedback}},
	Volume = 442,
	Year = 2014,
	Bdsk-Url-1 = {http://dx.doi.org/10.1093/mnras/stu1119}}

@article{otifloranes2014,
	Adsnote = {Provided by the SAO/NASA Astrophysics Data System},
	Adsurl = {http://adsabs.harvard.edu/abs/2014A%26A...566A..38O},
	Archiveprefix = {arXiv},
	Author = {{Ot{\'{\i}}-Floranes}, H. and {Mas-Hesse}, J.~M. and {Jim{\'e}nez-Bail{\'o}n}, E. and {Schaerer}, D. and {Hayes}, M. and {{\"O}stlin}, G. and {Atek}, H. and {Kunth}, D.},
	Date-Added = {2014-08-31 00:00:29 +0000},
	Date-Modified = {2014-08-31 00:00:43 +0000},
	Doi = {10.1051/0004-6361/201323069},
	Eid = {A38},
	Eprint = {1403.7687},
	Journal = {\aap},
	Keywords = {galaxies: starburst, galaxies: star formation, galaxies: ISM, ultraviolet: galaxies, cosmology: observations, galaxies: individual: IRAS 08339+6517},
	Month = jun,
	Pages = {A38},
	Title = {{Physical properties and evolutionary state of the Lyman alpha emitting starburst galaxy IRAS 08339+6517}},
	Volume = 566,
	Year = 2014,
	Bdsk-Url-1 = {http://dx.doi.org/10.1051/0004-6361/201323069}}

@book{msma,
	Author = {Feigelson, E.D. and Babu, G.J.},
	Date-Added = {2014-08-30 17:59:43 +0000},
	Date-Modified = {2014-08-30 17:59:56 +0000},
	Isbn = {9780521767279},
	Lccn = {2012009113},
	Publisher = {Cambridge University Press},
	Title = {Modern Statistical Methods for Astronomy: With R Applications},
	Url = {http://books.google.com/books?id=M6O1yxpvf2gC},
	Year = {2012},
	Bdsk-Url-1 = {http://books.google.com/books?id=M6O1yxpvf2gC}}

@book{breiman1984,
	Author = {Breiman, L. and Friedman, J. and Stone, C.J. and Olshen, R.A.},
	Date-Added = {2014-08-30 17:56:39 +0000},
	Date-Modified = {2014-08-30 17:56:54 +0000},
	Isbn = {9780412048418},
	Lccn = {83019708},
	Publisher = {Taylor \& Francis},
	Series = {The Wadsworth and Brooks-Cole statistics-probability series},
	Title = {Classification and Regression Trees},
	Url = {http://books.google.com/books?id=JwQx-WOmSyQC},
	Year = {1984},
	Bdsk-Url-1 = {http://books.google.com/books?id=JwQx-WOmSyQC}}

@article{Cortes1995,
	Author = {Cortes, Corinna and Vapnik, Vladimir},
	Date-Added = {2014-08-30 17:49:01 +0000},
	Date-Modified = {2014-08-30 17:49:04 +0000},
	Doi = {10.1007/BF00994018},
	Issn = {0885-6125},
	Journal = {Machine Learning},
	Keywords = {pattern recognition; efficient learning algorithms; neural networks; radial basis function classifiers; polynomial classifiers},
	Language = {English},
	Number = {3},
	Pages = {273-297},
	Publisher = {Kluwer Academic Publishers},
	Title = {Support-vector networks},
	Url = {http://dx.doi.org/10.1007/BF00994018},
	Volume = {20},
	Year = {1995},
	Bdsk-Url-1 = {http://dx.doi.org/10.1007/BF00994018}}

@article{fisher1936,
	Author = {Fisher, R. A.},
	Date-Added = {2014-08-30 17:47:13 +0000},
	Date-Modified = {2014-08-30 17:47:40 +0000},
	Doi = {10.1111/j.1469-1809.1936.tb02137.x},
	Issn = {2050-1439},
	Journal = {Annals of Eugenics},
	Number = {2},
	Pages = {179--188},
	Publisher = {Blackwell Publishing Ltd},
	Title = {THE USE OF MULTIPLE MEASUREMENTS IN TAXONOMIC PROBLEMS},
	Url = {http://dx.doi.org/10.1111/j.1469-1809.1936.tb02137.x},
	Volume = {7},
	Year = {1936},
	Bdsk-Url-1 = {http://dx.doi.org/10.1111/j.1469-1809.1936.tb02137.x}}

@inproceedings{dbscan,
	Author = {Martin Ester and Hans-peter Kriegel and J{\"o}rg S and Xiaowei Xu},
	Booktitle = {Proceedings of the Second International Conference on Knowledge Discovery and Data Mining (KDD-96)},
	Date-Added = {2014-08-30 17:30:01 +0000},
	Date-Modified = {2014-08-30 17:31:42 +0000},
	Pages = {226--231},
	Publisher = {AAAI Press},
	Title = {A density-based algorithm for discovering clusters in large spatial databases with noise},
	Year = {1996}}

@article{steinhaus1957,
	Author = {Steinhaus, Hugo},
	Date-Added = {2014-08-30 17:27:28 +0000},
	Date-Modified = {2014-08-30 17:29:01 +0000},
	Journal = {Bull. Acad. Pol. Sci., Cl. 3},
	Pages = {801-804},
	Title = {Sur la division des corps mat{\'e}riels en parties},
	Volume = {4},
	Year = {1957}}

@inproceeding{macqueen1967,
	Address = {Berkeley, Calif.},
	Author = {MacQueen, J.},
	Booktitle = {Proceedings of the Fifth Berkeley Symposium on Mathematical Statistics and Probability, Volume 1: Statistics},
	Date-Added = {2014-08-30 17:26:02 +0000},
	Date-Modified = {2014-08-30 17:26:02 +0000},
	Pages = {281--297},
	Publisher = {University of California Press},
	Title = {Some methods for classification and analysis of multivariate observations},
	Url = {http://projecteuclid.org/euclid.bsmsp/1200512992},
	Year = {1967},
	Bdsk-Url-1 = {http://projecteuclid.org/euclid.bsmsp/1200512992}}

@article{hotelling1936,
	Author = {Hotelling, Harold},
	Date-Added = {2014-08-30 17:14:19 +0000},
	Date-Modified = {2014-08-30 17:17:48 +0000},
	Journal = {Journal of Educational Psychology},
	Keywords = {PCA, statistics},
	Month = {September},
	Number = {6},
	Pages = {417-441},
	Title = {Analysis of a complex of statistical variables into principal components},
	Volume = {24},
	Year = {1933}}

@article{pearson1901,
	Author = {Pearson, Karl},
	Date-Added = {2014-08-30 17:12:22 +0000},
	Date-Modified = {2014-08-30 17:12:49 +0000},
	Doi = {10.1080/14786440109462720},
	Eprint = {http://dx.doi.org/10.1080/14786440109462720},
	Journal = {Philosophical Magazine Series 6},
	Number = {11},
	Pages = {559-572},
	Title = {LIII. On lines and planes of closest fit to systems of points in space},
	Url = {http://dx.doi.org/10.1080/14786440109462720},
	Volume = {2},
	Year = {1901},
	Bdsk-Url-1 = {http://dx.doi.org/10.1080/14786440109462720}}

@article{scikit-learn,
	Author = {Pedregosa, F. and Varoquaux, G. and Gramfort, A. and Michel, V. and Thirion, B. and Grisel, O. and Blondel, M. and Prettenhofer, P. and Weiss, R. and Dubourg, V. and Vanderplas, J. and Passos, A. and Cournapeau, D. and Brucher, M. and Perrot, M. and Duchesnay, E.},
	Date-Added = {2014-08-30 16:34:28 +0000},
	Date-Modified = {2014-08-30 16:34:28 +0000},
	Journal = {Journal of Machine Learning Research},
	Pages = {2825--2830},
	Title = {Scikit-learn: Machine Learning in {P}ython},
	Volume = {12},
	Year = {2011}}

@article{rousseeuw1999,
	Abstract = {The minimum covariance determinant (MCD) method of Rousseeuw is a highly robust estimator of multivariate location and scatter. Its objective is to find h observations (out of n) whose covariance matrix has the lowest determinant. Until now, applications of the MCD were hampered by the computation time of existing algorithms, which were limited to a few hundred objects in a few dimensions. We discuss two important applications of larger size, one about a production process at Philips with n = 677 objects and p = 9 variables, and a dataset from astronomy with n = 137,256 objects and p = 27 variables. To deal with such problems we have developed a new algorithm for the MCD, called FAST-MCD. The basic ideas are an inequality involving order statistics and determinants, and techniques which we call "selective iteration" and "nested extensions." For small datasets, FAST-MCD typically finds the exact MCD, whereas for larger datasets it gives more accurate results than existing algorithms and is faster by orders of magnitude. Moreover, FAST-MCD is able to detect an exact fit-that is, a hyperplane containing h or more observations. The new algorithm makes the MCD method available as a routine tool for analyzing multivariate data. We also propose the distance-distance plot (D-D plot), which displays MCD-based robust distances versus Mahalanobis distances, and illustrate it with some examples.},
	Author = {Rousseeuw, Peter J. and Driessen, Katrien van},
	Copyright = {Copyright {\copyright} 1999 American Statistical Association and American Society for Quality},
	Date-Added = {2014-08-25 18:41:47 +0000},
	Date-Modified = {2014-08-25 18:41:47 +0000},
	Issn = {00401706},
	Journal = {Technometrics},
	Jstor_Articletype = {research-article},
	Jstor_Formatteddate = {Aug., 1999},
	Language = {English},
	Number = {3},
	Pages = {pp. 212-223},
	Publisher = {American Statistical Association and American Society for Quality},
	Title = {A Fast Algorithm for the Minimum Covariance Determinant Estimator},
	Url = {http://www.jstor.org/stable/1270566},
	Volume = {41},
	Year = {1999},
	Bdsk-Url-1 = {http://www.jstor.org/stable/1270566}}

@article{rousseeuw1984,
	Abstract = {Classical least squares regression consists of minimizing the sum of the squared residuals. Many authors have produced more robust versions of this estimator by replacing the square by something else, such as the absolute value. In this article a different approach is introduced in which the sum is replaced by the median of the squared residuals. The resulting estimator can resist the effect of nearly 50% of contamination in the data. In the special case of simple regression, it corresponds to finding the narrowest strip covering half of the observations. Generalizations are possible to multivariate location, orthogonal regression, and hypothesis testing in linear models.},
	Author = {Rousseeuw, Peter J.},
	Copyright = {Copyright {\copyright} 1984 American Statistical Association},
	Date-Added = {2014-08-25 18:41:11 +0000},
	Date-Modified = {2014-08-25 18:41:11 +0000},
	Issn = {01621459},
	Journal = {Journal of the American Statistical Association},
	Jstor_Articletype = {research-article},
	Jstor_Formatteddate = {Dec., 1984},
	Language = {English},
	Number = {388},
	Pages = {pp. 871-880},
	Publisher = {American Statistical Association},
	Title = {Least Median of Squares Regression},
	Url = {http://www.jstor.org/stable/2288718},
	Volume = {79},
	Year = {1984},
	Bdsk-Url-1 = {http://www.jstor.org/stable/2288718}}

@article{nath1985,
	Acmid = {2295568},
	Address = {Amsterdam, The Netherlands, The Netherlands},
	Author = {Nath, Ravinder and Pavur, Robert},
	Date-Added = {2014-08-25 18:33:41 +0000},
	Date-Modified = {2014-08-25 18:33:51 +0000},
	Doi = {10.1016/0167-9473(85)90003-9},
	Issn = {0167-9473},
	Issue_Date = {February, 1985},
	Journal = {Comput. Stat. Data Anal.},
	Keywords = {MANOVA, Monte Carlo simulation, Rank transformation, Rao's F-approximation, Wilks' lambda},
	Month = feb,
	Number = {4},
	Numpages = {19},
	Pages = {297--315},
	Publisher = {Elsevier Science Publishers B. V.},
	Title = {A New Statistic in the One-way Multivariate Analysis of Variance},
	Url = {http://dx.doi.org/10.1016/0167-9473(85)90003-9},
	Volume = {2},
	Year = {1985},
	Bdsk-Url-1 = {http://dx.doi.org/10.1016/0167-9473(85)90003-9}}

@article{R-rrcov,
	Author = {Valentin Todorov and Peter Filzmoser},
	Date-Added = {2014-08-25 18:24:14 +0000},
	Date-Modified = {2014-08-25 18:24:14 +0000},
	Journal = {Journal of Statistical Software},
	Number = {3},
	Pages = {1--47},
	Title = {An Object-Oriented Framework for Robust Multivariate Analysis},
	Url = {http://www.jstatsoft.org/v32/i03/},
	Volume = {32},
	Year = {2009},
	Bdsk-Url-1 = {http://www.jstatsoft.org/v32/i03/}}

@manual{R-ICSNP,
	Author = {Klaus Nordhausen and Seija Sirkia and Hannu Oja and David E. Tyler},
	Date-Added = {2014-08-22 19:46:00 +0000},
	Date-Modified = {2014-08-22 19:46:00 +0000},
	Note = {R package version 1.0-9},
	Title = {ICSNP: Tools for Multivariate Nonparametrics},
	Url = {http://CRAN.R-project.org/package=ICSNP},
	Year = {2012},
	Bdsk-Url-1 = {http://CRAN.R-project.org/package=ICSNP}}

@book{puri1971,
	Author = {Puri, Madan Lal and Sen, Pranab Kumar},
	Catalogue-Url = {http://trove.nla.gov.au/work/6648792},
	Chapter = {5.9},
	Contents = {1. A brief outline of the material covered in the book -- 2. Preliminaries -- 3. A survey of nonparametric inference -- 4. Rank tests for the multivariate single-sample location problems -- 5. Multivariate multisample rank tests for location and scale -- 6. Estimators in linear models (one way layouts) based on rank tests -- 7. ank procedures in factorial experiments -- 8. Rank tests for independence -- 9. Rank tests for homogeneity of dispersion matrices},
	Date-Added = {2014-08-22 19:43:50 +0000},
	Date-Modified = {2014-08-22 21:28:47 +0000},
	Isbn = {0471702404},
	Language = {English},
	Publisher = {New York : Wiley},
	Subjects = {Multivariate analysis; Nonparametric statistics; Statistics; Multivariate analysis Nonparametric methods},
	Title = {Nonparametric methods in multivariate analysis},
	Type = {Book},
	Year = {1971}}

@article{Henze2002,
	Author = {Henze, Norbert},
	Date-Added = {2014-08-22 18:39:54 +0000},
	Date-Modified = {2014-08-22 18:40:07 +0000},
	Doi = {10.1007/s00362-002-0119-6},
	Issn = {0932-5026},
	Journal = {Statistical Papers},
	Keywords = {Tests for multivariate normality; affine invariance; consistency; multivariate skewness; multivariate kurtosis; Roy's union-intersection principle; empirical characteristic function; angles and radii; projection pursuit; locally best invariant test; 62G10; 62F05},
	Language = {English},
	Number = {4},
	Pages = {467-506},
	Publisher = {Springer-Verlag},
	Title = {Invariant tests for multivariate normality: a critical review},
	Url = {http://dx.doi.org/10.1007/s00362-002-0119-6},
	Volume = {43},
	Year = {2002},
	Bdsk-Url-1 = {http://dx.doi.org/10.1007/s00362-002-0119-6}}

@manual{R-MVN,
	Author = {Selcuk Korkmaz},
	Date-Added = {2014-08-22 18:38:49 +0000},
	Date-Modified = {2014-08-22 18:38:59 +0000},
	Note = {R package version 1.0},
	Title = {MVN: Multivariate Normality Tests},
	Url = {http://CRAN.R-project.org/package=MVN},
	Year = {2013},
	Bdsk-Url-1 = {http://CRAN.R-project.org/package=MVN}}

@article{hotelling1931,
	Ajournal = {Ann. Math. Statist.},
	Author = {Hotelling, Harold},
	Date-Added = {2014-08-22 18:36:33 +0000},
	Date-Modified = {2014-08-22 18:36:33 +0000},
	Doi = {10.1214/aoms/1177732979},
	Journal = {The Annals of Mathematical Statistics},
	Month = {08},
	Number = {3},
	Pages = {360--378},
	Publisher = {The Institute of Mathematical Statistics},
	Title = {The Generalization of Student's Ratio},
	Url = {http://dx.doi.org/10.1214/aoms/1177732979},
	Volume = {2},
	Year = {1931},
	Bdsk-Url-1 = {http://dx.doi.org/10.1214/aoms/1177732979}}

@article{mardia1970,
	Abstract = {SUMMARY Measures of multivariate skewness and kurtosis are developed by extending certain studies on robustness of the t statistic. These measures are shown to possess desirable properties. The asymptotic distributions of the measures for samples from a multivariate normal population are derived and a test of multivariate normality is proposed. The effect of nonnormality on the size of the one-sample Hotelling's T2 test is studied empirically with the help of these measures, and it is found that Hotelling's T2 test is more sensitive to the measure of skewness than to the measure of kurtosis.},
	Author = {Mardia, K. V.},
	Date-Added = {2014-08-22 18:33:53 +0000},
	Date-Modified = {2014-08-22 18:42:05 +0000},
	Doi = {10.1093/biomet/57.3.519},
	Eprint = {http://biomet.oxfordjournals.org/content/57/3/519.full.pdf+html},
	Journal = {Biometrika},
	Number = {3},
	Pages = {519-530},
	Title = {Measures of multivariate skewness and kurtosis with applications},
	Url = {http://biomet.oxfordjournals.org/content/57/3/519.abstract},
	Volume = {57},
	Year = {1970},
	Bdsk-Url-1 = {http://biomet.oxfordjournals.org/content/57/3/519.abstract},
	Bdsk-Url-2 = {http://dx.doi.org/10.1093/biomet/57.3.519}}

@article{silverman1987,
	Abstract = {The bootstrap and smoothed bootstrap are considered as alternative methods of estimating properties of unknown distributions such as the sampling error of parameter estimates. Criteria are developed for determining whether it is advantageous to use the smoothed bootstrap rather than the standard bootstrap. Key steps in the argument leading to these criteria include the study of the estimation of linear functionals of distributions and the approximation of general functionals by linear functionals. Consideration of an example, the estimation of the standard error in the variance-stabilized sample correlation coefficient, elucidates previously-published simulation results and also illustrates the use of computer algebraic manipulation as a useful technique is asymptotic statistics. Finally, the various approximations used are vindicated by a simulation study.},
	Author = {Silverman, B. W. and Young, G. A.},
	Copyright = {Copyright {\copyright} 1987 Biometrika Trust},
	Date-Added = {2014-08-19 18:35:06 +0000},
	Date-Modified = {2014-08-19 18:35:06 +0000},
	Issn = {00063444},
	Journal = {Biometrika},
	Jstor_Articletype = {research-article},
	Jstor_Formatteddate = {Sep., 1987},
	Language = {English},
	Number = {3},
	Pages = {pp. 469-479},
	Publisher = {Biometrika Trust},
	Title = {The Bootstrap: To Smooth or Not to Smooth?},
	Url = {http://www.jstor.org/stable/2336686},
	Volume = {74},
	Year = {1987},
	Bdsk-Url-1 = {http://www.jstor.org/stable/2336686}}

@article{efron1979,
	Abstract = {We discuss the following problem: given a random sample X = (X1, X2, ⋯, Xn) from an unknown probability distribution F, estimate the sampling distribution of some prespecified random variable R(X, F), on the basis of the observed data x. (Standard jackknife theory gives an approximate mean and variance in the case R(X, F) = θ(F̂) - θ(F), θ some parameter of interest.) A general method, called the "bootstrap," is introduced, and shown to work satisfactorily on a variety of estimation problems. The jackknife is shown to be a linear approximation method for the bootstrap. The exposition proceeds by a series of examples: variance of the sample median, error rates in a linear discriminant analysis, ratio estimation, estimating regression parameters, etc.},
	Author = {Efron, B.},
	Copyright = {Copyright {\copyright} 1979 Institute of Mathematical Statistics},
	Date-Added = {2014-08-19 18:15:19 +0000},
	Date-Modified = {2014-08-19 18:15:19 +0000},
	Issn = {00905364},
	Journal = {The Annals of Statistics},
	Jstor_Articletype = {research-article},
	Jstor_Formatteddate = {Jan., 1979},
	Language = {English},
	Number = {1},
	Pages = {pp. 1-26},
	Publisher = {Institute of Mathematical Statistics},
	Title = {Bootstrap Methods: Another Look at the Jackknife},
	Url = {http://www.jstor.org/stable/2958830},
	Volume = {7},
	Year = {1979},
	Bdsk-Url-1 = {http://www.jstor.org/stable/2958830}}

@article{rodighiero11,
	Adsnote = {Provided by the SAO/NASA Astrophysics Data System},
	Adsurl = {http://adsabs.harvard.edu/abs/2011ApJ...739L..40R},
	Archiveprefix = {arXiv},
	Author = {{Rodighiero}, G. and {Daddi}, E. and {Baronchelli}, I. and {Cimatti}, A. and {Renzini}, A. and {Aussel}, H. and {Popesso}, P. and {Lutz}, D. and {Andreani}, P. and {Berta}, S. and {Cava}, A. and {Elbaz}, D. and {Feltre}, A. and {Fontana}, A. and {F{\"o}rster Schreiber}, N.~M. and {Franceschini}, A. and {Genzel}, R. and {Grazian}, A. and {Gruppioni}, C. and {Ilbert}, O. and {Le Floch}, E. and {Magdis}, G. and {Magliocchetti}, M. and {Magnelli}, B. and {Maiolino}, R. and {McCracken}, H. and {Nordon}, R. and {Poglitsch}, A. and {Santini}, P. and {Pozzi}, F. and {Riguccini}, L. and {Tacconi}, L.~J. and {Wuyts}, S. and {Zamorani}, G.},
	Date-Added = {2014-06-06 20:17:41 +0000},
	Date-Modified = {2014-06-06 20:17:55 +0000},
	Doi = {10.1088/2041-8205/739/2/L40},
	Eid = {L40},
	Eprint = {1108.0933},
	Journal = {\apjl},
	Keywords = {galaxies: evolution, galaxies: interactions, galaxies: nuclei, galaxies: starburst},
	Month = oct,
	Pages = {L40},
	Primaryclass = {astro-ph.CO},
	Title = {{The Lesser Role of Starbursts in Star Formation at z = 2}},
	Volume = 739,
	Year = 2011,
	Bdsk-Url-1 = {http://dx.doi.org/10.1088/2041-8205/739/2/L40}}

@article{sersic63,
	Adsnote = {Provided by the SAO/NASA Astrophysics Data System},
	Adsurl = {http://adsabs.harvard.edu/abs/1963BAAA....6...41S},
	Author = {{S{\'e}rsic}, J.~L.},
	Date-Added = {2014-06-06 02:46:44 +0000},
	Date-Modified = {2014-06-06 02:46:52 +0000},
	Journal = {Boletin de la Asociacion Argentina de Astronomia La Plata Argentina},
	Pages = {41},
	Title = {{Influence of the atmospheric and instrumental dispersion on the brightness distribution in a galaxy}},
	Volume = 6,
	Year = 1963}

@article{gronwall11,
	Adsnote = {Provided by the SAO/NASA Astrophysics Data System},
	Adsurl = {http://adsabs.harvard.edu/abs/2011ApJ...743....9G},
	Archiveprefix = {arXiv},
	Author = {{Gronwall}, C. and {Bond}, N.~A. and {Ciardullo}, R. and {Gawiser}, E. and {Altmann}, M. and {Blanc}, G.~A. and {Feldmeier}, J.~J.},
	Date-Added = {2014-06-06 02:43:25 +0000},
	Date-Modified = {2014-06-06 02:43:30 +0000},
	Doi = {10.1088/0004-637X/743/1/9},
	Eid = {9},
	Eprint = {1005.3006},
	Journal = {\apj},
	Keywords = {cosmology: observations, galaxies: formation, galaxies: high-redshift, galaxies: structure},
	Month = dec,
	Pages = {9},
	Primaryclass = {astro-ph.CO},
	Title = {{The Rest-frame Ultraviolet Light Profile Shapes of Ly{$\alpha$}-emitting Galaxies at z = 3.1}},
	Volume = 743,
	Year = 2011,
	Bdsk-Url-1 = {http://dx.doi.org/10.1088/0004-637X/743/1/9}}

@article{peng10,
	Adsnote = {Provided by the SAO/NASA Astrophysics Data System},
	Adsurl = {http://adsabs.harvard.edu/abs/2010AJ....139.2097P},
	Archiveprefix = {arXiv},
	Author = {{Peng}, C.~Y. and {Ho}, L.~C. and {Impey}, C.~D. and {Rix}, H.-W.},
	Date-Added = {2014-06-06 02:32:31 +0000},
	Date-Modified = {2014-06-06 02:32:35 +0000},
	Doi = {10.1088/0004-6256/139/6/2097},
	Eprint = {0912.0731},
	Journal = {\aj},
	Keywords = {galaxies: bulges, galaxies: fundamental parameters, galaxies: structure, techniques: image processing, techniques: photometric},
	Month = jun,
	Pages = {2097-2129},
	Primaryclass = {astro-ph.CO},
	Title = {{Detailed Decomposition of Galaxy Images. II. Beyond Axisymmetric Models}},
	Volume = 139,
	Year = 2010,
	Bdsk-Url-1 = {http://dx.doi.org/10.1088/0004-6256/139/6/2097}}

@misc{peng11,
	Adsnote = {Provided by the SAO/NASA Astrophysics Data System},
	Adsurl = {http://adsabs.harvard.edu/abs/2011ascl.soft04010P},
	Archiveprefix = {ascl},
	Author = {{Peng}, C.~Y. and {Ho}, L.~C. and {Impey}, C.~D. and {Rix}, H.-W.},
	Date-Added = {2014-06-06 02:31:53 +0000},
	Date-Modified = {2014-11-03 21:00:25 +0000},
	Eprint = {1104.010},
	Month = apr,
	Note = {Astrophysics Source Code Library},
	Title = {{GALFIT: Detailed Structural Decomposition of Galaxy Images}},
	Year = 2011}

@article{peng02,
	Adsnote = {Provided by the SAO/NASA Astrophysics Data System},
	Adsurl = {http://adsabs.harvard.edu/abs/2002AJ....124..266P},
	Author = {{Peng}, C.~Y. and {Ho}, L.~C. and {Impey}, C.~D. and {Rix}, H.-W.},
	Date-Added = {2014-06-06 02:30:57 +0000},
	Date-Modified = {2014-06-06 02:31:05 +0000},
	Doi = {10.1086/340952},
	Eprint = {astro-ph/0204182},
	Journal = {\aj},
	Keywords = {Galaxies: Bulges, Galaxies: Fundamental Parameters, Galaxies: Nuclei, Galaxies: Structure, Techniques: Image Processing, Techniques: Photometric},
	Month = jul,
	Pages = {266-293},
	Title = {{Detailed Structural Decomposition of Galaxy Images}},
	Volume = 124,
	Year = 2002,
	Bdsk-Url-1 = {http://dx.doi.org/10.1086/340952}}

@article{jain99,
	Author = {Jain, Anil K and Murty, M Narasimha and Flynn, Patrick J},
	Date-Added = {2014-06-05 02:14:50 +0000},
	Date-Modified = {2014-06-05 02:14:57 +0000},
	Journal = {ACM computing surveys (CSUR)},
	Number = {3},
	Pages = {264--323},
	Publisher = {Acm},
	Title = {Data clustering: a review},
	Volume = {31},
	Year = {1999}}

@manual{RCoreTeam14,
	Author = {{R Core Team}},
	Date-Added = {2014-06-05 01:37:10 +0000},
	Date-Modified = {2014-06-05 01:37:21 +0000},
	Edition = {Vienna, Austria},
	Organization = {R Foundation for Statistical Computing},
	Title = {R: A Language and Environment for Statistical Computing},
	Year = {2014}}

@manual{hennig14,
	Author = {Christian Hennig},
	Date-Added = {2014-06-05 01:33:02 +0000},
	Date-Modified = {2014-06-05 01:37:30 +0000},
	Edition = {R package version 2.1-7},
	Title = {fpc: Flexible procedures for clustering},
	Year = {2014}}

@article{blanc11,
	Adsnote = {Provided by the SAO/NASA Astrophysics Data System},
	Adsurl = {http://adsabs.harvard.edu/abs/2011ApJ...736...31B},
	Archiveprefix = {arXiv},
	Author = {{Blanc}, G.~A. and {Adams}, J.~J. and {Gebhardt}, K. and {Hill}, G.~J. and {Drory}, N. and {Hao}, L. and {Bender}, R. and {Ciardullo}, R. and {Finkelstein}, S.~L. and {Fry}, A.~B. and {Gawiser}, E. and {Gronwall}, C. and {Hopp}, U. and {Jeong}, D. and {Kelzenberg}, R. and {Komatsu}, E. and {MacQueen}, P. and {Murphy}, J.~D. and {Roth}, M.~M. and {Schneider}, D.~P. and {Tufts}, J.},
	Date-Added = {2014-05-30 20:42:22 +0000},
	Date-Modified = {2014-05-30 20:42:29 +0000},
	Doi = {10.1088/0004-637X/736/1/31},
	Eid = {31},
	Eprint = {1011.0430},
	Journal = {\apj},
	Keywords = {dust, extinction, evolution, galaxies: evolution, galaxies: high-redshift, galaxies: ISM},
	Month = jul,
	Pages = {31},
	Primaryclass = {astro-ph.CO},
	Title = {{The HETDEX Pilot Survey. II. The Evolution of the Ly{$\alpha$} Escape Fraction from the Ultraviolet Slope and Luminosity Function of 1.9 {\lt} z {\lt} 3.8 LAEs}},
	Volume = 736,
	Year = 2011,
	Bdsk-Url-1 = {http://dx.doi.org/10.1088/0004-637X/736/1/31}}

@article{hayes10,
	Adsnote = {Provided by the SAO/NASA Astrophysics Data System},
	Adsurl = {http://adsabs.harvard.edu/abs/2010Natur.464..562H},
	Archiveprefix = {arXiv},
	Author = {{Hayes}, M. and {{\"O}stlin}, G. and {Schaerer}, D. and {Mas-Hesse}, J.~M. and {Leitherer}, C. and {Atek}, H. and {Kunth}, D. and {Verhamme}, A. and {de Barros}, S. and {Melinder}, J.},
	Date-Added = {2014-05-28 15:51:44 +0000},
	Date-Modified = {2014-05-28 15:51:52 +0000},
	Doi = {10.1038/nature08881},
	Eprint = {1002.4876},
	Journal = {\nat},
	Month = mar,
	Pages = {562-565},
	Primaryclass = {astro-ph.CO},
	Title = {{Escape of about five per cent of Lyman-{$\alpha$} photons from high-redshift star-forming galaxies}},
	Volume = 464,
	Year = 2010,
	Bdsk-Url-1 = {http://dx.doi.org/10.1038/nature08881}}

@article{nakajima12,
	Adsnote = {Provided by the SAO/NASA Astrophysics Data System},
	Adsurl = {http://adsabs.harvard.edu/abs/2012ApJ...745...12N},
	Archiveprefix = {arXiv},
	Author = {{Nakajima}, K. and {Ouchi}, M. and {Shimasaku}, K. and {Ono}, Y. and {Lee}, J.~C. and {Foucaud}, S. and {Ly}, C. and {Dale}, D.~A. and {Salim}, S. and {Finn}, R. and {Almaini}, O. and {Okamura}, S.},
	Date-Added = {2014-05-20 15:55:28 +0000},
	Date-Modified = {2014-05-20 15:55:36 +0000},
	Doi = {10.1088/0004-637X/745/1/12},
	Eid = {12},
	Eprint = {1105.2824},
	Journal = {\apj},
	Keywords = {galaxies: abundances, galaxies: evolution, galaxies: formation, galaxies: high-redshift, galaxies: star formation},
	Month = jan,
	Pages = {12},
	Primaryclass = {astro-ph.CO},
	Title = {{Average Metallicity and Star Formation Rate of Ly{$\alpha$} Emitters Probed by a Triple Narrowband Survey}},
	Volume = 745,
	Year = 2012,
	Bdsk-Url-1 = {http://dx.doi.org/10.1088/0004-637X/745/1/12}}

@article{kriek13,
	Adsnote = {Provided by the SAO/NASA Astrophysics Data System},
	Adsurl = {http://adsabs.harvard.edu/abs/2013ApJ...775L..16K},
	Archiveprefix = {arXiv},
	Author = {{Kriek}, M. and {Conroy}, C.},
	Date-Added = {2014-04-26 19:24:19 +0000},
	Date-Modified = {2014-04-26 19:24:29 +0000},
	Doi = {10.1088/2041-8205/775/1/L16},
	Eid = {L16},
	Eprint = {1308.1099},
	Journal = {\apjl},
	Keywords = {dust, extinction, galaxies: stellar content},
	Month = sep,
	Pages = {L16},
	Primaryclass = {astro-ph.CO},
	Title = {{The Dust Attenuation Law in Distant Galaxies: Evidence for Variation with Spectral Type}},
	Volume = 775,
	Year = 2013,
	Bdsk-Url-1 = {http://dx.doi.org/10.1088/2041-8205/775/1/L16}}

@article{grogin11,
	Adsnote = {Provided by the SAO/NASA Astrophysics Data System},
	Adsurl = {http://adsabs.harvard.edu/abs/2011ApJS..197...35G},
	Archiveprefix = {arXiv},
	Author = {{Grogin}, N.~A. and {Kocevski}, D.~D. and {Faber}, S.~M. and {Ferguson}, H.~C. and {Koekemoer}, A.~M. and {Riess}, A.~G. and {Acquaviva}, V. and {Alexander}, D.~M. and {Almaini}, O. and {Ashby}, M.~L.~N. and {Barden}, M. and {Bell}, E.~F. and {Bournaud}, F. and {Brown}, T.~M. and {Caputi}, K.~I. and {Casertano}, S. and {Cassata}, P. and {Castellano}, M. and {Challis}, P. and {Chary}, R.-R. and {Cheung}, E. and {Cirasuolo}, M. and {Conselice}, C.~J. and {Roshan Cooray}, A. and {Croton}, D.~J. and {Daddi}, E. and {Dahlen}, T. and {Dav{\'e}}, R. and {de Mello}, D.~F. and {Dekel}, A. and {Dickinson}, M. and {Dolch}, T. and {Donley}, J.~L. and {Dunlop}, J.~S. and {Dutton}, A.~A. and {Elbaz}, D. and {Fazio}, G.~G. and {Filippenko}, A.~V. and {Finkelstein}, S.~L. and {Fontana}, A. and {Gardner}, J.~P. and {Garnavich}, P.~M. and {Gawiser}, E. and {Giavalisco}, M. and {Grazian}, A. and {Guo}, Y. and {Hathi}, N.~P. and {H{\"a}ussler}, B. and {Hopkins}, P.~F. and {Huang}, J.-S. and {Huang}, K.-H. and {Jha}, S.~W. and {Kartaltepe}, J.~S. and {Kirshner}, R.~P. and {Koo}, D.~C. and {Lai}, K. and {Lee}, K.-S. and {Li}, W. and {Lotz}, J.~M. and {Lucas}, R.~A. and {Madau}, P. and {McCarthy}, P.~J. and {McGrath}, E.~J. and {McIntosh}, D.~H. and {McLure}, R.~J. and {Mobasher}, B. and {Moustakas}, L.~A. and {Mozena}, M. and {Nandra}, K. and {Newman}, J.~A. and {Niemi}, S.-M. and {Noeske}, K.~G. and {Papovich}, C.~J. and {Pentericci}, L. and {Pope}, A. and {Primack}, J.~R. and {Rajan}, A. and {Ravindranath}, S. and {Reddy}, N.~A. and {Renzini}, A. and {Rix}, H.-W. and {Robaina}, A.~R. and {Rodney}, S.~A. and {Rosario}, D.~J. and {Rosati}, P. and {Salimbeni}, S. and {Scarlata}, C. and {Siana}, B. and {Simard}, L. and {Smidt}, J. and {Somerville}, R.~S. and {Spinrad}, H. and {Straughn}, A.~N. and {Strolger}, L.-G. and {Telford}, O. and {Teplitz}, H.~I. and {Trump}, J.~R. and {van der Wel}, A. and {Villforth}, C. and {Wechsler}, R.~H. and {Weiner}, B.~J. and {Wiklind}, T. and {Wild}, V. and {Wilson}, G. and {Wuyts}, S. and {Yan}, H.-J. and {Yun}, M.~S.},
	Date-Added = {2014-04-26 19:22:45 +0000},
	Date-Modified = {2014-04-26 19:22:54 +0000},
	Doi = {10.1088/0067-0049/197/2/35},
	Eid = {35},
	Eprint = {1105.3753},
	Journal = {\apjs},
	Keywords = {cosmology: observations, galaxies: high-redshift},
	Month = dec,
	Pages = {35},
	Primaryclass = {astro-ph.CO},
	Title = {{CANDELS: The Cosmic Assembly Near-infrared Deep Extragalactic Legacy Survey}},
	Volume = 197,
	Year = 2011,
	Bdsk-Url-1 = {http://dx.doi.org/10.1088/0067-0049/197/2/35}}

@article{behrens14,
	Adsnote = {Provided by the SAO/NASA Astrophysics Data System},
	Adsurl = {http://adsabs.harvard.edu/abs/2014A%26A...563A..77B},
	Archiveprefix = {arXiv},
	Author = {{Behrens}, C. and {Dijkstra}, M. and {Niemeyer}, J.~C.},
	Date-Added = {2014-04-25 16:11:50 +0000},
	Date-Modified = {2014-04-25 16:11:55 +0000},
	Doi = {10.1051/0004-6361/201322949},
	Eid = {A77},
	Eprint = {1401.4860},
	Journal = {\aap},
	Keywords = {radiative transfer, galaxies: high-redshift},
	Month = mar,
	Pages = {A77},
	Primaryclass = {astro-ph.CO},
	Title = {{Beamed Ly{$\alpha$} emission through outflow-driven cavities}},
	Volume = 563,
	Year = 2014,
	Bdsk-Url-1 = {http://dx.doi.org/10.1051/0004-6361/201322949}}

@article{yajima12,
	Adsnote = {Provided by the SAO/NASA Astrophysics Data System},
	Adsurl = {http://adsabs.harvard.edu/abs/2012ApJ...754..118Y},
	Archiveprefix = {arXiv},
	Author = {{Yajima}, H. and {Li}, Y. and {Zhu}, Q. and {Abel}, T. and {Gronwall}, C. and {Ciardullo}, R.},
	Date-Added = {2014-04-25 16:08:46 +0000},
	Date-Modified = {2014-04-25 16:08:53 +0000},
	Doi = {10.1088/0004-637X/754/2/118},
	Eid = {118},
	Eprint = {1112.1031},
	Journal = {\apj},
	Keywords = {galaxies: evolution, galaxies: formation, galaxies: high-redshift, large-scale structure of universe, line: profiles, radiative transfer},
	Month = aug,
	Pages = {118},
	Primaryclass = {astro-ph.CO},
	Title = {{Were Progenitors of Local L* Galaxies Ly{$\alpha$} Emitters at High Redshift?}},
	Volume = 754,
	Year = 2012,
	Bdsk-Url-1 = {http://dx.doi.org/10.1088/0004-637X/754/2/118}}

@article{verhamme12,
	Adsnote = {Provided by the SAO/NASA Astrophysics Data System},
	Adsurl = {http://adsabs.harvard.edu/abs/2012A%26A...546A.111V},
	Archiveprefix = {arXiv},
	Author = {{Verhamme}, A. and {Dubois}, Y. and {Blaizot}, J. and {Garel}, T. and {Bacon}, R. and {Devriendt}, J. and {Guiderdoni}, B. and {Slyz}, A.},
	Date-Added = {2014-04-25 16:07:21 +0000},
	Date-Modified = {2014-04-25 16:07:26 +0000},
	Doi = {10.1051/0004-6361/201218783},
	Eid = {A111},
	Eprint = {1208.4781},
	Journal = {\aap},
	Keywords = {methods: numerical, radiative transfer, hydrodynamics, galaxies: ISM, ISM: kinematics and dynamics, ISM: structure},
	Month = oct,
	Pages = {A111},
	Primaryclass = {astro-ph.CO},
	Title = {{Lyman-{$\alpha$} emission properties of simulated galaxies: interstellar medium structure and inclination effects}},
	Volume = 546,
	Year = 2012,
	Bdsk-Url-1 = {http://dx.doi.org/10.1051/0004-6361/201218783}}

@article{steidel04,
	Adsnote = {Provided by the SAO/NASA Astrophysics Data System},
	Adsurl = {http://adsabs.harvard.edu/abs/2004ApJ...604..534S},
	Author = {{Steidel}, C.~C. and {Shapley}, A.~E. and {Pettini}, M. and {Adelberger}, K.~L. and {Erb}, D.~K. and {Reddy}, N.~A. and {Hunt}, M.~P.},
	Date-Added = {2014-04-25 16:04:32 +0000},
	Date-Modified = {2014-04-25 16:04:38 +0000},
	Doi = {10.1086/381960},
	Eprint = {astro-ph/0401439},
	Journal = {\apj},
	Keywords = {Cosmology: Observations, Galaxies: Evolution, Galaxies: High-Redshift, Galaxies: Kinematics and Dynamics, Galaxies: Starburst, Stars: Formation},
	Month = apr,
	Pages = {534-550},
	Title = {{A Survey of Star-forming Galaxies in the 1.4{\lt}\~{}Z{\lt}\~{} 2.5 Redshift Desert: Overview}},
	Volume = 604,
	Year = 2004,
	Bdsk-Url-1 = {http://dx.doi.org/10.1086/381960}}

@article{steidel96,
	Adsnote = {Provided by the SAO/NASA Astrophysics Data System},
	Adsurl = {http://adsabs.harvard.edu/abs/1996ApJ...462L..17S},
	Author = {{Steidel}, C.~C. and {Giavalisco}, M. and {Pettini}, M. and {Dickinson}, M. and {Adelberger}, K.~L.},
	Date-Added = {2014-04-25 16:03:37 +0000},
	Date-Modified = {2014-04-25 16:03:44 +0000},
	Doi = {10.1086/310029},
	Eprint = {astro-ph/9602024},
	Journal = {\apjl},
	Keywords = {COSMOLOGY: OBSERVATIONS, GALAXIES: FORMATION, GALAXIES: EVOLUTION, GALAXIES: DISTANCES AND REDSHIFTS},
	Month = may,
	Pages = {L17},
	Title = {{Spectroscopic Confirmation of a Population of Normal Star-forming Galaxies at Redshifts Z {\gt} 3}},
	Volume = 462,
	Year = 1996,
	Bdsk-Url-1 = {http://dx.doi.org/10.1086/310029}}

@article{nilsson09,
	Adsnote = {Provided by the SAO/NASA Astrophysics Data System},
	Adsurl = {http://adsabs.harvard.edu/abs/2009MNRAS.400..232N},
	Archiveprefix = {arXiv},
	Author = {{Nilsson}, K.~K. and {M{\"o}ller-Nilsson}, O. and {M{\o}ller}, P. and {Fynbo}, J.~P.~U. and {Shapley}, A.~E.},
	Date-Added = {2014-04-25 16:01:39 +0000},
	Date-Modified = {2014-04-25 16:01:47 +0000},
	Doi = {10.1111/j.1365-2966.2009.15439.x},
	Eprint = {0907.3733},
	Journal = {\mnras},
	Keywords = {galaxies: high-redshift , cosmology: observations},
	Month = nov,
	Pages = {232-237},
	Primaryclass = {astro-ph.CO},
	Title = {{On the dependence between UV luminosity and Ly{$\alpha$} equivalent width in high-redshift galaxies}},
	Volume = 400,
	Year = 2009,
	Bdsk-Url-1 = {http://dx.doi.org/10.1111/j.1365-2966.2009.15439.x}}

@article{schaerer11,
	Adsnote = {Provided by the SAO/NASA Astrophysics Data System},
	Adsurl = {http://adsabs.harvard.edu/abs/2011A%26A...531A..12S},
	Archiveprefix = {arXiv},
	Author = {{Schaerer}, D. and {Hayes}, M. and {Verhamme}, A. and {Teyssier}, R.},
	Date-Added = {2014-04-25 04:41:36 +0000},
	Date-Modified = {2014-04-25 04:41:47 +0000},
	Doi = {10.1051/0004-6361/201116709},
	Eid = {A12},
	Eprint = {1104.5383},
	Journal = {\aap},
	Keywords = {galaxies: starburst, galaxies: ISM, galaxies: high-redshift, ultraviolet: galaxies, radiative transfer},
	Month = jul,
	Pages = {A12},
	Primaryclass = {astro-ph.CO},
	Title = {{Grid of Ly{$\alpha$} radiation transfer models for interpreting distant galaxies}},
	Volume = 531,
	Year = 2011,
	Bdsk-Url-1 = {http://dx.doi.org/10.1051/0004-6361/201116709}}

@article{verhamme06,
	Adsnote = {Provided by the SAO/NASA Astrophysics Data System},
	Adsurl = {http://adsabs.harvard.edu/abs/2006A%26A...460..397V},
	Author = {{Verhamme}, A. and {Schaerer}, D. and {Maselli}, A.},
	Date-Added = {2014-04-25 04:40:25 +0000},
	Date-Modified = {2014-04-25 04:40:29 +0000},
	Doi = {10.1051/0004-6361:20065554},
	Eprint = {astro-ph/0608075},
	Journal = {\aap},
	Keywords = {galaxies: starburst, galaxies: ISM, galaxies: high-redshift, utraviolet: galaxies, radiative transfer, line: profiles},
	Month = dec,
	Pages = {397-413},
	Title = {{3D Ly{$\alpha$} radiation transfer. I. Understanding Ly{$\alpha$} line profile morphologies}},
	Volume = 460,
	Year = 2006,
	Bdsk-Url-1 = {http://dx.doi.org/10.1051/0004-6361:20065554}}

@article{vargas14,
	Adsnote = {Provided by the SAO/NASA Astrophysics Data System},
	Adsurl = {http://adsabs.harvard.edu/abs/2014ApJ...783...26V},
	Archiveprefix = {arXiv},
	Author = {{Vargas}, C.~J. and {Bish}, H. and {Acquaviva}, V. and {Gawiser}, E. and {Finkelstein}, S.~L. and {Ciardullo}, R. and {Ashby}, M.~L.~N. and {Feldmeier}, J. and {Ferguson}, H. and {Gronwall}, C. and {Guaita}, L. and {Hagen}, A. and {Koekemoer}, A. and {Kurczynski}, P. and {Newman}, J.~A. and {Padilla}, N.},
	Date-Added = {2014-04-25 04:38:22 +0000},
	Date-Modified = {2014-04-25 04:38:26 +0000},
	Doi = {10.1088/0004-637X/783/1/26},
	Eid = {26},
	Eprint = {1309.6341},
	Journal = {\apj},
	Keywords = {galaxies: evolution, galaxies: high-redshift},
	Month = mar,
	Pages = {26},
	Primaryclass = {astro-ph.CO},
	Title = {{To Stack or Not to Stack: Spectral Energy Distribution Properties of Ly{$\alpha$}-emitting Galaxies at z = 2.1}},
	Volume = 783,
	Year = 2014,
	Bdsk-Url-1 = {http://dx.doi.org/10.1088/0004-637X/783/1/26}}

@article{gawiser07,
	Adsnote = {Provided by the SAO/NASA Astrophysics Data System},
	Adsurl = {http://adsabs.harvard.edu/abs/2007ApJ...671..278G},
	Archiveprefix = {arXiv},
	Author = {{Gawiser}, E. and {Francke}, H. and {Lai}, K. and {Schawinski}, K. and {Gronwall}, C. and {Ciardullo}, R. and {Quadri}, R. and {Orsi}, A. and {Barrientos}, L.~F. and {Blanc}, G.~A. and {Fazio}, G. and {Feldmeier}, J.~J. and {Huang}, J.-s. and {Infante}, L. and {Lira}, P. and {Padilla}, N. and {Taylor}, E.~N. and {Treister}, E. and {Urry}, C.~M. and {van Dokkum}, P.~G. and {Virani}, S.~N.},
	Date-Added = {2014-04-25 04:37:40 +0000},
	Date-Modified = {2014-04-25 04:37:44 +0000},
	Doi = {10.1086/522955},
	Eprint = {0710.2697},
	Journal = {\apj},
	Keywords = {Galaxies: Evolution, Galaxies: Formation, Galaxies: High-Redshift, Cosmology: Large-Scale Structure of Universe},
	Month = dec,
	Pages = {278-284},
	Title = {{Ly{$\alpha$}-Emitting Galaxies at z = 3.1: L* Progenitors Experiencing Rapid Star Formation}},
	Volume = 671,
	Year = 2007,
	Bdsk-Url-1 = {http://dx.doi.org/10.1086/522955}}

@article{krug12,
	Adsnote = {Provided by the SAO/NASA Astrophysics Data System},
	Adsurl = {http://adsabs.harvard.edu/abs/2012ApJ...745..122K},
	Archiveprefix = {arXiv},
	Author = {{Krug}, H.~B. and {Veilleux}, S. and {Tilvi}, V. and {Malhotra}, S. and {Rhoads}, J. and {Hibon}, P. and {Swaters}, R. and {Probst}, R. and {Dey}, A. and {Dickinson}, M. and {Jannuzi}, B.~T.},
	Date-Added = {2014-04-25 04:35:56 +0000},
	Date-Modified = {2014-04-25 04:36:01 +0000},
	Doi = {10.1088/0004-637X/745/2/122},
	Eid = {122},
	Eprint = {1106.6055},
	Journal = {\apj},
	Keywords = {dark ages, reionization, first stars, galaxies: high-redshift, galaxies: luminosity function, mass function},
	Month = feb,
	Pages = {122},
	Primaryclass = {astro-ph.CO},
	Title = {{Searching for z \~{} 7.7 Ly{$\alpha$} Emitters in the COSMOS Field with NEWFIRM}},
	Volume = 745,
	Year = 2012,
	Bdsk-Url-1 = {http://dx.doi.org/10.1088/0004-637X/745/2/122}}

@article{ouchi10,
	Adsnote = {Provided by the SAO/NASA Astrophysics Data System},
	Adsurl = {http://adsabs.harvard.edu/abs/2010ApJ...723..869O},
	Archiveprefix = {arXiv},
	Author = {{Ouchi}, M. and {Shimasaku}, K. and {Furusawa}, H. and {Saito}, T. and {Yoshida}, M. and {Akiyama}, M. and {Ono}, Y. and {Yamada}, T. and {Ota}, K. and {Kashikawa}, N. and {Iye}, M. and {Kodama}, T. and {Okamura}, S. and {Simpson}, C. and {Yoshida}, M.},
	Date-Added = {2014-04-25 04:35:09 +0000},
	Date-Modified = {2014-04-25 04:35:13 +0000},
	Doi = {10.1088/0004-637X/723/1/869},
	Eprint = {1007.2961},
	Journal = {\apj},
	Keywords = {cosmology: observations, dark ages, reionization, first stars, galaxies: formation, galaxies: high-redshift, galaxies: luminosity function, mass function},
	Month = nov,
	Pages = {869-894},
	Primaryclass = {astro-ph.CO},
	Title = {{Statistics of 207 Ly{$\alpha$} Emitters at a Redshift Near 7: Constraints on Reionization and Galaxy Formation Models}},
	Volume = 723,
	Year = 2010,
	Bdsk-Url-1 = {http://dx.doi.org/10.1088/0004-637X/723/1/869}}

@article{cowie10,
	Adsnote = {Provided by the SAO/NASA Astrophysics Data System},
	Adsurl = {http://adsabs.harvard.edu/abs/2010ApJ...711..928C},
	Archiveprefix = {arXiv},
	Author = {{Cowie}, L.~L. and {Barger}, A.~J. and {Hu}, E.~M.},
	Date-Added = {2014-04-25 04:28:53 +0000},
	Date-Modified = {2014-04-25 04:28:58 +0000},
	Doi = {10.1088/0004-637X/711/2/928},
	Eprint = {0909.0031},
	Journal = {\apj},
	Keywords = {cosmology: observations, galaxies: abundances, galaxies: distances and redshifts, galaxies: evolution, galaxies: starburst},
	Month = mar,
	Pages = {928-958},
	Primaryclass = {astro-ph.CO},
	Title = {{Low-Redshift Ly{$\alpha$} Selected Galaxies from GALEX Spectroscopy: A Comparison with Both UV-Continuum Selected Galaxies and High-Redshift Ly{$\alpha$} Emitters}},
	Volume = 711,
	Year = 2010,
	Bdsk-Url-1 = {http://dx.doi.org/10.1088/0004-637X/711/2/928}}

@article{deharveng08,
	Adsnote = {Provided by the SAO/NASA Astrophysics Data System},
	Adsurl = {http://adsabs.harvard.edu/abs/2008ApJ...680.1072D},
	Archiveprefix = {arXiv},
	Author = {{Deharveng}, J.-M. and {Small}, T. and {Barlow}, T.~A. and {P{\'e}roux}, C. and {Milliard}, B. and {Friedman}, P.~G. and {Martin}, D.~C. and {Morrissey}, P. and {Schiminovich}, D. and {Forster}, K. and {Seibert}, M. and {Wyder}, T.~K. and {Bianchi}, L. and {Donas}, J. and {Heckman}, T.~M. and {Lee}, Y.-W. and {Madore}, B.~F. and {Neff}, S.~G. and {Rich}, R.~M. and {Szalay}, A.~S. and {Welsh}, B.~Y. and {Yi}, S.~K.},
	Date-Added = {2014-04-25 04:27:32 +0000},
	Date-Modified = {2014-04-25 04:27:41 +0000},
	Doi = {10.1086/587953},
	Eprint = {0803.1924},
	Journal = {\apj},
	Keywords = {Galaxies: Evolution, Galaxies: ISM, Galaxies: Luminosity Function, Mass Function, Galaxies: Starburst, Ultraviolet: Galaxies},
	Month = jun,
	Pages = {1072-1082},
	Title = {{Ly{$\alpha$}-Emitting Galaxies at 0.2{\lt}z{\lt}0.35 from GALEX Spectroscopy}},
	Volume = 680,
	Year = 2008,
	Bdsk-Url-1 = {http://dx.doi.org/10.1086/587953}}

@article{pentericci11,
	Adsnote = {Provided by the SAO/NASA Astrophysics Data System},
	Adsurl = {http://adsabs.harvard.edu/abs/2011ApJ...743..132P},
	Archiveprefix = {arXiv},
	Author = {{Pentericci}, L. and {Fontana}, A. and {Vanzella}, E. and {Castellano}, M. and {Grazian}, A. and {Dijkstra}, M. and {Boutsia}, K. and {Cristiani}, S. and {Dickinson}, M. and {Giallongo}, E. and {Giavalisco}, M. and {Maiolino}, R. and {Moorwood}, A. and {Paris}, D. and {Santini}, P.},
	Date-Added = {2014-04-21 16:36:19 +0000},
	Date-Modified = {2014-04-21 16:36:35 +0000},
	Doi = {10.1088/0004-637X/743/2/132},
	Eid = {132},
	Eprint = {1107.1376},
	Journal = {\apj},
	Keywords = {galaxies: distances and redshifts, galaxies: formation},
	Month = dec,
	Pages = {132},
	Primaryclass = {astro-ph.CO},
	Title = {{Spectroscopic Confirmation of z \~{} 7 Lyman Break Galaxies: Probing the Earliest Galaxies and the Epoch of Reionization}},
	Volume = 743,
	Year = 2011,
	Bdsk-Url-1 = {http://dx.doi.org/10.1088/0004-637X/743/2/132}}

@article{dijkstra09,
	Adsnote = {Provided by the SAO/NASA Astrophysics Data System},
	Adsurl = {http://adsabs.harvard.edu/abs/2009MNRAS.400.1109D},
	Archiveprefix = {arXiv},
	Author = {{Dijkstra}, M. and {Loeb}, A.},
	Date-Added = {2014-04-21 02:23:49 +0000},
	Date-Modified = {2014-04-21 02:24:00 +0000},
	Doi = {10.1111/j.1365-2966.2009.15533.x},
	Eprint = {0902.2999},
	Journal = {\mnras},
	Keywords = {line: formation , cooling flows , galaxies: formation , galaxies: haloes , intergalactic medium , cosmology: theory},
	Month = dec,
	Pages = {1109-1120},
	Primaryclass = {astro-ph.CO},
	Title = {{Ly{$\alpha$} blobs as an observational signature of cold accretion streams into galaxies}},
	Volume = 400,
	Year = 2009,
	Bdsk-Url-1 = {http://dx.doi.org/10.1111/j.1365-2966.2009.15533.x}}

@article{bridge13,
	Adsnote = {Provided by the SAO/NASA Astrophysics Data System},
	Adsurl = {http://adsabs.harvard.edu/abs/2013ApJ...769...91B},
	Author = {{Bridge}, C.~R. and {Blain}, A. and {Borys}, C.~J.~K. and {Petty}, S. and {Benford}, D. and {Eisenhardt}, P. and {Farrah}, D. and {Griffith}, R.~L. and {Jarrett}, T. and {Lonsdale}, C. and {Stanford}, S.~A. and {Stern}, D. and {Tsai}, C.-W. and {Wright}, E.~L. and {Wu}, J.},
	Date-Added = {2014-04-21 02:21:00 +0000},
	Date-Modified = {2014-04-21 02:21:06 +0000},
	Doi = {10.1088/0004-637X/769/2/91},
	Eid = {91},
	Journal = {\apj},
	Keywords = {galaxies: formation, galaxies: high-redshift, galaxies: ISM, galaxies: starburst, infrared: galaxies},
	Month = jun,
	Pages = {91},
	Title = {{A New Population of High-z, Dusty Ly{$\alpha$} Emitters and Blobs Discovered by WISE: Feedback Caught in the Act?}},
	Volume = 769,
	Year = 2013,
	Bdsk-Url-1 = {http://dx.doi.org/10.1088/0004-637X/769/2/91}}

@article{cen13,
	Adsnote = {Provided by the SAO/NASA Astrophysics Data System},
	Adsurl = {http://adsabs.harvard.edu/abs/2013ApJ...775..112C},
	Archiveprefix = {arXiv},
	Author = {{Cen}, R. and {Zheng}, Z.},
	Date-Added = {2014-04-21 02:19:15 +0000},
	Date-Modified = {2014-04-21 02:19:21 +0000},
	Doi = {10.1088/0004-637X/775/2/112},
	Eid = {112},
	Eprint = {1210.3600},
	Journal = {\apj},
	Keywords = {galaxies: clusters: general, galaxies: high-redshift, galaxies: starburst, hydrodynamics, quasars: emission lines, radiative transfer},
	Month = oct,
	Pages = {112},
	Primaryclass = {astro-ph.CO},
	Title = {{The Nature of Ly{$\alpha$} Blobs: Powered by Extreme Starbursts}},
	Volume = 775,
	Year = 2013,
	Bdsk-Url-1 = {http://dx.doi.org/10.1088/0004-637X/775/2/112}}

@article{basu-zych04,
	Adsnote = {Provided by the SAO/NASA Astrophysics Data System},
	Adsurl = {http://adsabs.harvard.edu/abs/2004ApJ...615L..85B},
	Author = {{Basu-Zych}, A. and {Scharf}, C.},
	Date-Added = {2014-04-21 02:05:04 +0000},
	Date-Modified = {2014-04-21 02:05:21 +0000},
	Doi = {10.1086/426390},
	Eprint = {astro-ph/0410311},
	Journal = {\apjl},
	Keywords = {Galaxies: Evolution, Galaxies: Formation, Galaxies: High-Redshift, X-Rays: Galaxies},
	Month = nov,
	Pages = {L85-L88},
	Title = {{X-Ray Detection of an Obscured Active Galactic Nucleus in a z=3.09 Radio-quiet Ly{$\alpha$} Nebula}},
	Volume = 615,
	Year = 2004,
	Bdsk-Url-1 = {http://dx.doi.org/10.1086/426390}}

@article{reuland03,
	Adsnote = {Provided by the SAO/NASA Astrophysics Data System},
	Adsurl = {http://adsabs.harvard.edu/abs/2003ApJ...592..755R},
	Author = {{Reuland}, M. and {van Breugel}, W. and {R{\"o}ttgering}, H. and {de Vries}, W. and {Stanford}, S.~A. and {Dey}, A. and {Lacy}, M. and {Bland-Hawthorn}, J. and {Dopita}, M. and {Miley}, G.},
	Date-Added = {2014-04-21 02:04:19 +0000},
	Date-Modified = {2014-04-21 02:04:30 +0000},
	Doi = {10.1086/375619},
	Eprint = {astro-ph/0303637},
	Journal = {\apj},
	Keywords = {Galaxies: Formation, Galaxies: High-Redshift, Galaxies: Quasars: Emission Lines, Stars: Formation},
	Month = aug,
	Pages = {755-766},
	Title = {{Giant Ly{$\alpha$} Nebulae Associated with High-Redshift Radio Galaxies}},
	Volume = 592,
	Year = 2003,
	Bdsk-Url-1 = {http://dx.doi.org/10.1086/375619}}

@article{prescott12,
	Adsnote = {Provided by the SAO/NASA Astrophysics Data System},
	Adsurl = {http://adsabs.harvard.edu/abs/2012ApJ...752...86P},
	Archiveprefix = {arXiv},
	Author = {{Prescott}, M.~K.~M. and {Dey}, A. and {Brodwin}, M. and {Chaffee}, F.~H. and {Desai}, V. and {Eisenhardt}, P. and {Le Floc'h}, E. and {Jannuzi}, B.~T. and {Kashikawa}, N. and {Matsuda}, Y. and {Soifer}, B.~T.},
	Date-Added = {2014-04-21 02:02:57 +0000},
	Date-Modified = {2014-04-21 02:03:07 +0000},
	Doi = {10.1088/0004-637X/752/2/86},
	Eid = {86},
	Eprint = {1111.0630},
	Journal = {\apj},
	Keywords = {galaxies: evolution, galaxies: formation, galaxies: high-redshift},
	Month = jun,
	Pages = {86},
	Primaryclass = {astro-ph.CO},
	Title = {{Resolving the Galaxies within a Giant Ly{$\alpha$} Nebula: Witnessing the Formation of a Galaxy Group?}},
	Volume = 752,
	Year = 2012,
	Bdsk-Url-1 = {http://dx.doi.org/10.1088/0004-637X/752/2/86}}

@article{steidel00,
	Adsnote = {Provided by the SAO/NASA Astrophysics Data System},
	Adsurl = {http://adsabs.harvard.edu/abs/2000ApJ...532..170S},
	Author = {{Steidel}, C.~C. and {Adelberger}, K.~L. and {Shapley}, A.~E. and {Pettini}, M. and {Dickinson}, M. and {Giavalisco}, M.},
	Date-Added = {2014-04-21 01:59:57 +0000},
	Date-Modified = {2014-04-21 02:00:04 +0000},
	Doi = {10.1086/308568},
	Eprint = {astro-ph/9910144},
	Journal = {\apj},
	Keywords = {GALAXIES: DISTANCES AND REDSHIFTS, GALAXIES: EVOLUTION, GALAXIES: FORMATION, COSMOLOGY: LARGE-SCALE STRUCTURE OF UNIVERSE},
	Month = mar,
	Pages = {170-182},
	Title = {{Ly{$\alpha$} Imaging of a Proto-Cluster Region at {\lt}z{\gt}=3.09}},
	Volume = 532,
	Year = 2000,
	Bdsk-Url-1 = {http://dx.doi.org/10.1086/308568}}

@article{overzier13,
	Adsnote = {Provided by the SAO/NASA Astrophysics Data System},
	Adsurl = {http://adsabs.harvard.edu/abs/2013ApJ...771...89O},
	Archiveprefix = {arXiv},
	Author = {{Overzier}, R.~A. and {Nesvadba}, N.~P.~H. and {Dijkstra}, M. and {Hatch}, N.~A. and {Lehnert}, M.~D. and {Villar-Mart{\'{\i}}n}, M. and {Wilman}, R.~J. and {Zirm}, A.~W.},
	Date-Added = {2014-04-21 01:54:04 +0000},
	Date-Modified = {2014-04-21 01:54:16 +0000},
	Doi = {10.1088/0004-637X/771/2/89},
	Eid = {89},
	Eprint = {1305.2926},
	Journal = {\apj},
	Keywords = {galaxies: active, galaxies: evolution, galaxies: halos, galaxies: high-redshift},
	Month = jul,
	Pages = {89},
	Primaryclass = {astro-ph.CO},
	Title = {{Resolving the Optical Emission Lines of Ly{$\alpha$} Blob ''B1'' at z = 2.38: Another Hidden Quasar}},
	Volume = 771,
	Year = 2013,
	Bdsk-Url-1 = {http://dx.doi.org/10.1088/0004-637X/771/2/89}}

@article{diaz-santos10,
	Adsnote = {Provided by the SAO/NASA Astrophysics Data System},
	Adsurl = {http://adsabs.harvard.edu/abs/2010ApJ...711..328D},
	Archiveprefix = {arXiv},
	Author = {{D{\'{\i}}az-Santos}, T. and {Alonso-Herrero}, A. and {Colina}, L. and {Packham}, C. and {Levenson}, N.~A. and {Pereira-Santaella}, M. and {Roche}, P.~F. and {Telesco}, C.~M.},
	Date-Added = {2014-04-18 19:11:25 +0000},
	Date-Modified = {2014-04-18 19:11:41 +0000},
	Doi = {10.1088/0004-637X/711/1/328},
	Eprint = {1001.1871},
	Journal = {\apj},
	Keywords = {galaxies: nuclei, galaxies: star clusters: general, galaxies: starburst, infrared: galaxies},
	Month = mar,
	Pages = {328-349},
	Primaryclass = {astro-ph.CO},
	Title = {{A High Spatial Resolution Mid-Infrared Spectroscopic Study of the Nuclei and Star-Forming Regions in Luminous Infrared Galaxies}},
	Volume = 711,
	Year = 2010,
	Bdsk-Url-1 = {http://dx.doi.org/10.1088/0004-637X/711/1/328}}

@article{elbaz11,
	Adsnote = {Provided by the SAO/NASA Astrophysics Data System},
	Adsurl = {http://adsabs.harvard.edu/abs/2011A%26A...533A.119E},
	Archiveprefix = {arXiv},
	Author = {{Elbaz}, D. and {Dickinson}, M. and {Hwang}, H.~S. and {D{\'{\i}}az-Santos}, T. and {Magdis}, G. and {Magnelli}, B. and {Le Borgne}, D. and {Galliano}, F. and {Pannella}, M. and {Chanial}, P. and {Armus}, L. and {Charmandaris}, V. and {Daddi}, E. and {Aussel}, H. and {Popesso}, P. and {Kartaltepe}, J. and {Altieri}, B. and {Valtchanov}, I. and {Coia}, D. and {Dannerbauer}, H. and {Dasyra}, K. and {Leiton}, R. and {Mazzarella}, J. and {Alexander}, D.~M. and {Buat}, V. and {Burgarella}, D. and {Chary}, R.-R. and {Gilli}, R. and {Ivison}, R.~J. and {Juneau}, S. and {Le Floc'h}, E. and {Lutz}, D. and {Morrison}, G.~E. and {Mullaney}, J.~R. and {Murphy}, E. and {Pope}, A. and {Scott}, D. and {Brodwin}, M. and {Calzetti}, D. and {Cesarsky}, C. and {Charlot}, S. and {Dole}, H. and {Eisenhardt}, P. and {Ferguson}, H.~C. and {F{\"o}rster Schreiber}, N. and {Frayer}, D. and {Giavalisco}, M. and {Huynh}, M. and {Koekemoer}, A.~M. and {Papovich}, C. and {Reddy}, N. and {Surace}, C. and {Teplitz}, H. and {Yun}, M.~S. and {Wilson}, G.},
	Date-Added = {2014-04-18 18:45:09 +0000},
	Date-Modified = {2014-04-18 18:45:16 +0000},
	Doi = {10.1051/0004-6361/201117239},
	Eid = {A119},
	Eprint = {1105.2537},
	Journal = {\aap},
	Keywords = {galaxies: active, infrared: galaxies, galaxies: evolution, galaxies: starburst},
	Month = sep,
	Pages = {A119},
	Primaryclass = {astro-ph.CO},
	Title = {{GOODS-Herschel: an infrared main sequence for star-forming galaxies}},
	Volume = 533,
	Year = 2011,
	Bdsk-Url-1 = {http://dx.doi.org/10.1051/0004-6361/201117239}}

@article{jiang13,
	Adsnote = {Provided by the SAO/NASA Astrophysics Data System},
	Adsurl = {http://adsabs.harvard.edu/abs/2013ApJ...773..153J},
	Archiveprefix = {arXiv},
	Author = {{Jiang}, L. and {Egami}, E. and {Fan}, X. and {Windhorst}, R.~A. and {Cohen}, S.~H. and {Dav{\'e}}, R. and {Finlator}, K. and {Kashikawa}, N. and {Mechtley}, M. and {Ouchi}, M. and {Shimasaku}, K.},
	Date-Added = {2014-04-18 02:12:03 +0000},
	Date-Modified = {2014-04-18 02:12:17 +0000},
	Doi = {10.1088/0004-637X/773/2/153},
	Eid = {153},
	Eprint = {1303.0027},
	Journal = {\apj},
	Keywords = {cosmology: observations, galaxies: evolution, galaxies: high-redshift},
	Month = aug,
	Pages = {153},
	Primaryclass = {astro-ph.CO},
	Title = {{Physical Properties of Spectroscopically Confirmed Galaxies at z {\gt}= 6. II. Morphology of the Rest-frame UV Continuum and Ly{$\alpha$} Emission}},
	Volume = 773,
	Year = 2013,
	Bdsk-Url-1 = {http://dx.doi.org/10.1088/0004-637X/773/2/153}}

@article{ono13,
	Adsnote = {Provided by the SAO/NASA Astrophysics Data System},
	Adsurl = {http://adsabs.harvard.edu/abs/2013ApJ...777..155O},
	Archiveprefix = {arXiv},
	Author = {{Ono}, Y. and {Ouchi}, M. and {Curtis-Lake}, E. and {Schenker}, M.~A. and {Ellis}, R.~S. and {McLure}, R.~J. and {Dunlop}, J.~S. and {Robertson}, B.~E. and {Koekemoer}, A.~M. and {Bowler}, R.~A.~A. and {Rogers}, A.~B. and {Schneider}, E. and {Charlot}, S. and {Stark}, D.~P. and {Shimasaku}, K. and {Furlanetto}, S.~R. and {Cirasuolo}, M.},
	Date-Added = {2014-04-18 02:10:28 +0000},
	Date-Modified = {2014-04-18 02:11:23 +0000},
	Doi = {10.1088/0004-637X/777/2/155},
	Eid = {155},
	Eprint = {1212.3869},
	Journal = {\apj},
	Keywords = {galaxies: evolution, galaxies: formation, galaxies: high-redshift, galaxies: structure},
	Month = nov,
	Pages = {155},
	Primaryclass = {astro-ph.CO},
	Title = {{Evolution of the Sizes of Galaxies over 7 {\lt} z {\lt} 12 Revealed by the 2012 Hubble Ultra Deep Field Campaign}},
	Volume = 777,
	Year = 2013,
	Bdsk-Url-1 = {http://dx.doi.org/10.1088/0004-637X/777/2/155}}

@article{rhoads14,
	Adsnote = {Provided by the SAO/NASA Astrophysics Data System},
	Adsurl = {http://adsabs.harvard.edu/abs/2014ApJ...780...20R},
	Archiveprefix = {arXiv},
	Author = {{Rhoads}, J.~E. and {Malhotra}, S. and {Richardson}, M.~L.~A. and {Finkelstein}, S.~L. and {Fynbo}, J.~P.~U. and {McLinden}, E.~M. and {Tilvi}, V.~S.},
	Date-Added = {2014-04-16 02:14:22 +0000},
	Date-Modified = {2014-04-16 02:14:32 +0000},
	Doi = {10.1088/0004-637X/780/1/20},
	Eid = {20},
	Eprint = {1301.3140},
	Journal = {\apj},
	Keywords = {galaxies: evolution, galaxies: formation, galaxies: high-redshift},
	Month = jan,
	Pages = {20},
	Primaryclass = {astro-ph.CO},
	Title = {{The Dynamical Masses, Densities, and Star Formation Scaling Relations of Ly{$\alpha$} Galaxies}},
	Volume = 780,
	Year = 2014,
	Bdsk-Url-1 = {http://dx.doi.org/10.1088/0004-637X/780/1/20}}

@article{hayes14,
	Adsnote = {Provided by the SAO/NASA Astrophysics Data System},
	Adsurl = {http://adsabs.harvard.edu/abs/2014ApJ...782....6H},
	Archiveprefix = {arXiv},
	Author = {{Hayes}, M. and {{\"O}stlin}, G. and {Duval}, F. and {Sandberg}, A. and {Guaita}, L. and {Melinder}, J. and {Adamo}, A. and {Schaerer}, D. and {Verhamme}, A. and {Orlitov{\'a}}, I. and {Mas-Hesse}, J.~M. and {Cannon}, J.~M. and {Atek}, H. and {Kunth}, D. and {Laursen}, P. and {Ot{\'{\i}}-Floranes}, H. and {Pardy}, S. and {Rivera-Thorsen}, T. and {Herenz}, E.~C.},
	Date-Added = {2014-04-16 02:03:28 +0000},
	Date-Modified = {2014-04-16 02:03:34 +0000},
	Doi = {10.1088/0004-637X/782/1/6},
	Eid = {6},
	Eprint = {1308.6578},
	Journal = {\apj},
	Keywords = {cosmology: observations, galaxies: starburst},
	Month = feb,
	Pages = {6},
	Primaryclass = {astro-ph.CO},
	Title = {{The Lyman Alpha Reference Sample. II. Hubble Space Telescope Imaging Results, Integrated Properties, and Trends}},
	Volume = 782,
	Year = 2014,
	Bdsk-Url-1 = {http://dx.doi.org/10.1088/0004-637X/782/1/6}}

@article{hayes2013,
	Adsnote = {Provided by the SAO/NASA Astrophysics Data System},
	Adsurl = {http://adsabs.harvard.edu/abs/2013ApJ...765L..27H},
	Archiveprefix = {arXiv},
	Author = {{Hayes}, M. and {{\"O}stlin}, G. and {Schaerer}, D. and {Verhamme}, A. and {Mas-Hesse}, J.~M. and {Adamo}, A. and {Atek}, H. and {Cannon}, J.~M. and {Duval}, F. and {Guaita}, L. and {Herenz}, E.~C. and {Kunth}, D. and {Laursen}, P. and {Melinder}, J. and {Orlitov{\'a}}, I. and {Ot{\'{\i}}-Floranes}, H. and {Sandberg}, A.},
	Date-Added = {2014-04-16 02:02:58 +0000},
	Date-Modified = {2014-08-31 00:01:44 +0000},
	Doi = {10.1088/2041-8205/765/2/L27},
	Eid = {L27},
	Eprint = {1303.0006},
	Journal = {\apjl},
	Keywords = {cosmology: observations, galaxies: evolution, galaxies: formation, galaxies: starburst, radiative transfer},
	Month = mar,
	Pages = {L27},
	Primaryclass = {astro-ph.CO},
	Title = {{The Lyman Alpha Reference Sample: Extended Lyman Alpha Halos Produced at Low Dust Content}},
	Volume = 765,
	Year = 2013,
	Bdsk-Url-1 = {http://dx.doi.org/10.1088/2041-8205/765/2/L27}}

@article{jaskot13,
	Adsnote = {Provided by the SAO/NASA Astrophysics Data System},
	Adsurl = {http://adsabs.harvard.edu/abs/2013ApJ...766...91J},
	Archiveprefix = {arXiv},
	Author = {{Jaskot}, A.~E. and {Oey}, M.~S.},
	Date-Added = {2014-04-16 01:55:10 +0000},
	Date-Modified = {2014-04-16 01:55:18 +0000},
	Doi = {10.1088/0004-637X/766/2/91},
	Eid = {91},
	Eprint = {1301.0530},
	Journal = {\apj},
	Keywords = {galaxies: evolution, galaxies: starburst, intergalactic medium, ISM: general, radiative transfer, stars: massive},
	Month = apr,
	Pages = {91},
	Primaryclass = {astro-ph.CO},
	Title = {{The Origin and Optical Depth of Ionizing Radiation in the ''Green Pea'' Galaxies}},
	Volume = 766,
	Year = 2013,
	Bdsk-Url-1 = {http://dx.doi.org/10.1088/0004-637X/766/2/91}}

@article{borthakur13,
	Adsnote = {Provided by the SAO/NASA Astrophysics Data System},
	Adsurl = {http://adsabs.harvard.edu/abs/2013ApJ...768...18B},
	Archiveprefix = {arXiv},
	Author = {{Borthakur}, S. and {Heckman}, T. and {Strickland}, D. and {Wild}, V. and {Schiminovich}, D.},
	Date-Added = {2014-04-16 01:51:22 +0000},
	Date-Modified = {2014-04-16 01:52:12 +0000},
	Doi = {10.1088/0004-637X/768/1/18},
	Eid = {18},
	Eprint = {1303.1183},
	Journal = {\apj},
	Keywords = {galaxies: abundances, galaxies: ISM, galaxies: starburst, quasars: absorption lines},
	Month = may,
	Pages = {18},
	Primaryclass = {astro-ph.CO},
	Title = {{The Impact of Starbursts on the Circumgalactic Medium}},
	Volume = 768,
	Year = 2013,
	Bdsk-Url-1 = {http://dx.doi.org/10.1088/0004-637X/768/1/18}}

@article{heckman11,
	Adsnote = {Provided by the SAO/NASA Astrophysics Data System},
	Adsurl = {http://adsabs.harvard.edu/abs/2011ApJ...730....5H},
	Archiveprefix = {arXiv},
	Author = {{Heckman}, T.~M. and {Borthakur}, S. and {Overzier}, R. and {Kauffmann}, G. and {Basu-Zych}, A. and {Leitherer}, C. and {Sembach}, K. and {Martin}, D.~C. and {Rich}, R.~M. and {Schiminovich}, D. and {Seibert}, M.},
	Date-Added = {2014-04-16 01:50:27 +0000},
	Date-Modified = {2014-04-16 01:50:41 +0000},
	Doi = {10.1088/0004-637X/730/1/5},
	Eid = {5},
	Eprint = {1101.4219},
	Journal = {\apj},
	Keywords = {galaxies: evolution, galaxies: high-redshift, galaxies: ISM, galaxies: kinematics and dynamics, intergalactic medium},
	Month = mar,
	Pages = {5},
	Primaryclass = {astro-ph.CO},
	Title = {{Extreme Feedback and the Epoch of Reionization: Clues in the Local Universe}},
	Volume = 730,
	Year = 2011,
	Bdsk-Url-1 = {http://dx.doi.org/10.1088/0004-637X/730/1/5}}

@article{brammer12,
	Adsnote = {Provided by the SAO/NASA Astrophysics Data System},
	Adsurl = {http://adsabs.harvard.edu/abs/2012ApJS..200...13B},
	Archiveprefix = {arXiv},
	Author = {{Brammer}, G.~B. and {van Dokkum}, P.~G. and {Franx}, M. and {Fumagalli}, M. and {Patel}, S. and {Rix}, H.-W. and {Skelton}, R.~E. and {Kriek}, M. and {Nelson}, E. and {Schmidt}, K.~B. and {Bezanson}, R. and {da Cunha}, E. and {Erb}, D.~K. and {Fan}, X. and {F{\"o}rster Schreiber}, N. and {Illingworth}, G.~D. and {Labb{\'e}}, I. and {Leja}, J. and {Lundgren}, B. and {Magee}, D. and {Marchesini}, D. and {McCarthy}, P. and {Momcheva}, I. and {Muzzin}, A. and {Quadri}, R. and {Steidel}, C.~C. and {Tal}, T. and {Wake}, D. and {Whitaker}, K.~E. and {Williams}, A.},
	Date-Added = {2014-04-14 22:24:29 +0000},
	Date-Modified = {2014-04-14 22:29:29 +0000},
	Doi = {10.1088/0067-0049/200/2/13},
	Eid = {13},
	Eprint = {1204.2829},
	Journal = {\apjs},
	Keywords = {galaxies: high-redshift, surveys},
	Month = jun,
	Pages = {13},
	Primaryclass = {astro-ph.CO},
	Title = {{3D-HST: A Wide-field Grism Spectroscopic Survey with the Hubble Space Telescope}},
	Volume = 200,
	Year = 2012,
	Bdsk-Url-1 = {http://dx.doi.org/10.1088/0067-0049/200/2/13}}

@article{shibuya14a,
	Adsnote = {Provided by the SAO/NASA Astrophysics Data System},
	Adsurl = {http://adsabs.harvard.edu/abs/2014ApJ...785...64S},
	Archiveprefix = {arXiv},
	Author = {{Shibuya}, T. and {Ouchi}, M. and {Nakajima}, K. and {Yuma}, S. and {Hashimoto}, T. and {Shimasaku}, K. and {Mori}, M. and {Umemura}, M.},
	Date-Added = {2014-04-11 17:14:22 +0000},
	Date-Modified = {2014-04-25 16:14:27 +0000},
	Doi = {10.1088/0004-637X/785/1/64},
	Eid = {64},
	Eprint = {1401.1209},
	Journal = {\apj},
	Keywords = {cosmology: observations, early universe, galaxies: formation, galaxies: high-redshift},
	Month = apr,
	Pages = {64},
	Primaryclass = {astro-ph.CO},
	Title = {{What is the Physical Origin of Strong Ly{$\alpha$} Emission? I. Demographics of Ly{$\alpha$} Emitter Structures}},
	Volume = 785,
	Year = 2014,
	Bdsk-Url-1 = {http://dx.doi.org/10.1088/0004-637X/785/1/64}}

@article{malhotra12,
	Adsnote = {Provided by the SAO/NASA Astrophysics Data System},
	Adsurl = {http://adsabs.harvard.edu/abs/2012ApJ...750L..36M},
	Archiveprefix = {arXiv},
	Author = {{Malhotra}, S. and {Rhoads}, J.~E. and {Finkelstein}, S.~L. and {Hathi}, N. and {Nilsson}, K. and {McLinden}, E. and {Pirzkal}, N.},
	Date-Added = {2014-04-11 17:02:54 +0000},
	Date-Modified = {2014-04-16 02:04:31 +0000},
	Doi = {10.1088/2041-8205/750/2/L36},
	Eid = {L36},
	Eprint = {1106.2816},
	Journal = {\apjl},
	Keywords = {galaxies: high-redshift},
	Month = may,
	Pages = {L36},
	Primaryclass = {astro-ph.CO},
	Title = {{Sizing up Ly{$\alpha$} and Lyman Break Galaxies}},
	Volume = 750,
	Year = 2012,
	Bdsk-Url-1 = {http://dx.doi.org/10.1088/2041-8205/750/2/L36}}

@article{bond12,
	Adsnote = {Provided by the SAO/NASA Astrophysics Data System},
	Adsurl = {http://adsabs.harvard.edu/abs/2012ApJ...753...95B},
	Archiveprefix = {arXiv},
	Author = {{Bond}, N.~A. and {Gawiser}, E. and {Guaita}, L. and {Padilla}, N. and {Gronwall}, C. and {Ciardullo}, R. and {Lai}, K.},
	Date-Added = {2014-04-10 18:48:11 +0000},
	Date-Modified = {2014-04-10 18:48:17 +0000},
	Doi = {10.1088/0004-637X/753/2/95},
	Eid = {95},
	Eprint = {1104.2880},
	Journal = {\apj},
	Keywords = {cosmology: observations, galaxies: formation, galaxies: high-redshift, galaxies: structure},
	Month = jul,
	Pages = {95},
	Primaryclass = {astro-ph.CO},
	Title = {{Evolution in the Continuum Morphological Properties of Ly{$\alpha$}-emitting Galaxies from z = 3.1 to z = 2.1}},
	Volume = 753,
	Year = 2012,
	Bdsk-Url-1 = {http://dx.doi.org/10.1088/0004-637X/753/2/95}}

@article{bond09,
	Adsnote = {Provided by the SAO/NASA Astrophysics Data System},
	Adsurl = {http://adsabs.harvard.edu/abs/2009ApJ...705..639B},
	Archiveprefix = {arXiv},
	Author = {{Bond}, N.~A. and {Gawiser}, E. and {Gronwall}, C. and {Ciardullo}, R. and {Altmann}, M. and {Schawinski}, K.},
	Date-Added = {2014-04-10 18:47:42 +0000},
	Date-Modified = {2014-04-10 18:47:50 +0000},
	Doi = {10.1088/0004-637X/705/1/639},
	Eprint = {0907.2235},
	Journal = {\apj},
	Keywords = {cosmology: observations, galaxies: formation, galaxies: high-redshift, galaxies: structure},
	Month = nov,
	Pages = {639-649},
	Primaryclass = {astro-ph.CO},
	Title = {{Sizes of LY{$\alpha$}-emitting Galaxies and Their Rest-frame Ultraviolet Components at z = 3.1}},
	Volume = 705,
	Year = 2009,
	Bdsk-Url-1 = {http://dx.doi.org/10.1088/0004-637X/705/1/639}}

@article{matplotlib,
	Author = {Hunter, John D.},
	Doi = {http://dx.doi.org/10.1109/MCSE.2007.55},
	Journal = {Computing in Science \& Engineering},
	Number = {3},
	Pages = {90-95},
	Title = {{Matplotlib}: A 2D Graphics Environment},
	Url = {http://scitation.aip.org/content/aip/journal/cise/9/3/10.1109/MCSE.2007.55},
	Volume = {9},
	Year = {2007},
	Bdsk-Url-1 = {http://scitation.aip.org/content/aip/journal/cise/9/3/10.1109/MCSE.2007.55},
	Bdsk-Url-2 = {http://dx.doi.org/10.1109/MCSE.2007.55}}

@article{numpy,
	Author = {Travis Oliphant},
	Date-Added = {2014-04-10 16:28:05 +0000},
	Date-Modified = {2014-04-10 16:29:04 +0000},
	Doi = {http://dx.doi.org/10.1109/MCSE.2007.58},
	Journal = {Computing in Science \& Engineering},
	Number = {3},
	Pages = {10-20},
	Title = {Python for Scientific Computing},
	Url = {http://scitation.aip.org/content/aip/journal/cise/9/3/10.1109/MCSE.2007.58},
	Volume = {9},
	Year = {2007},
	Bdsk-Url-1 = {http://scitation.aip.org/content/aip/journal/cise/9/3/10.1109/MCSE.2007.58},
	Bdsk-Url-2 = {http://dx.doi.org/10.1109/MCSE.2007.58}}

@misc{scipy,
	Author = {Eric Jones and Travis Oliphant and Pearu Peterson and others},
	Date-Added = {2014-04-10 16:26:19 +0000},
	Date-Modified = {2015-03-15 22:12:03 +0000},
	Title = {{SciPy}: Open source scientific tools for {Python}},
	Url = {http://www.scipy.org/},
	Year = {2001},
	Bdsk-Url-1 = {http://www.scipy.org/}}

@article{ipython,
	Author = {P\'erez, Fernando and Granger, Brian E.},
	Date-Added = {2014-04-10 16:21:45 +0000},
	Date-Modified = {2014-04-10 16:21:55 +0000},
	Doi = {10.1109/MCSE.2007.53},
	Issn = {1521-9615},
	Journal = {Computing in Science and Engineering},
	Month = may,
	Number = {3},
	Pages = {21--29},
	Publisher = {IEEE Computer Society},
	Title = {{IP}ython: a System for Interactive Scientific Computing},
	Url = {http://ipython.org},
	Volume = {9},
	Year = 2007,
	Bdsk-Url-1 = {http://ipython.org},
	Bdsk-Url-2 = {http://dx.doi.org/10.1109/MCSE.2007.53}}

@article{astropy,
	Adsnote = {Provided by the SAO/NASA Astrophysics Data System},
	Adsurl = {http://adsabs.harvard.edu/abs/2013A%26A...558A..33A},
	Archiveprefix = {arXiv},
	Author = {{Astropy Collaboration} and {Robitaille}, T.~P. and {Tollerud}, E.~J. and {Greenfield}, P. and {Droettboom}, M. and {Bray}, E. and {Aldcroft}, T. and {Davis}, M. and {Ginsburg}, A. and {Price-Whelan}, A.~M. and {Kerzendorf}, W.~E. and {Conley}, A. and {Crighton}, N. and {Barbary}, K. and {Muna}, D. and {Ferguson}, H. and {Grollier}, F. and {Parikh}, M.~M. and {Nair}, P.~H. and {Unther}, H.~M. and {Deil}, C. and {Woillez}, J. and {Conseil}, S. and {Kramer}, R. and {Turner}, J.~E.~H. and {Singer}, L. and {Fox}, R. and {Weaver}, B.~A. and {Zabalza}, V. and {Edwards}, Z.~I. and {Azalee Bostroem}, K. and {Burke}, D.~J. and {Casey}, A.~R. and {Crawford}, S.~M. and {Dencheva}, N. and {Ely}, J. and {Jenness}, T. and {Labrie}, K. and {Lim}, P.~L. and {Pierfederici}, F. and {Pontzen}, A. and {Ptak}, A. and {Refsdal}, B. and {Servillat}, M. and {Streicher}, O.},
	Date-Added = {2014-04-10 16:20:19 +0000},
	Date-Modified = {2014-04-10 16:20:34 +0000},
	Doi = {10.1051/0004-6361/201322068},
	Eid = {A33},
	Eprint = {1307.6212},
	Journal = {\aap},
	Keywords = {methods: data analysis, methods: miscellaneous, virtual observatory tools},
	Month = oct,
	Pages = {A33},
	Primaryclass = {astro-ph.IM},
	Title = {{Astropy: A community Python package for astronomy}},
	Volume = 558,
	Year = 2013,
	Bdsk-Url-1 = {http://dx.doi.org/10.1051/0004-6361/201322068}}

@article{adams11,
	Adsnote = {Provided by the SAO/NASA Astrophysics Data System},
	Adsurl = {http://adsabs.harvard.edu/abs/2011ApJS..192....5A},
	Archiveprefix = {arXiv},
	Author = {{Adams}, J.~J. and {Blanc}, G.~A. and {Hill}, G.~J. and {Gebhardt}, K. and {Drory}, N. and {Hao}, L. and {Bender}, R. and {Byun}, J. and {Ciardullo}, R. and {Cornell}, M.~E. and {Finkelstein}, S.~L. and {Fry}, A. and {Gawiser}, E. and {Gronwall}, C. and {Hopp}, U. and {Jeong}, D. and {Kelz}, A. and {Kelzenberg}, R. and {Komatsu}, E. and {MacQueen}, P.~J. and {Murphy}, J. and {Odoms}, P.~S. and {Roth}, M. and {Schneider}, D.~P. and {Tufts}, J.~R. and {Wilkinson}, C.~P.},
	Date-Added = {2014-04-10 16:15:34 +0000},
	Date-Modified = {2014-04-10 18:35:59 +0000},
	Doi = {10.1088/0067-0049/192/1/5},
	Eid = {5},
	Eprint = {1011.0426},
	Journal = {\apjs},
	Keywords = {cosmology: observations, galaxies: evolution, galaxies: formation, galaxies: high-redshift},
	Month = jan,
	Pages = {5},
	Primaryclass = {astro-ph.CO},
	Title = {{The HETDEX Pilot Survey. I. Survey Design, Performance, and Catalog of Emission-line Galaxies}},
	Volume = 192,
	Year = 2011,
	Bdsk-Url-1 = {http://dx.doi.org/10.1088/0067-0049/192/1/5}}

@article{bertin96,
	Adsnote = {Provided by the SAO/NASA Astrophysics Data System},
	Adsurl = {http://adsabs.harvard.edu/abs/1996A%26AS..117..393B},
	Author = {{Bertin}, E. and {Arnouts}, S.},
	Date-Modified = {2014-04-10 18:36:12 +0000},
	Journal = {\aaps},
	Keywords = {METHODS: DATA ANALYSIS, TECHNIQUES: IMAGE PROCESSING, GALAXIES: PHOTOMETRY},
	Month = jun,
	Pages = {393-404},
	Title = {{SExtractor: Software for source extraction.}},
	Volume = 117,
	Year = 1996}

@article{yang09,
	Adsnote = {Provided by the SAO/NASA Astrophysics Data System},
	Adsurl = {http://adsabs.harvard.edu/abs/2009ApJ...693.1579Y},
	Archiveprefix = {arXiv},
	Author = {{Yang}, Y. and {Zabludoff}, A. and {Tremonti}, C. and {Eisenstein}, D. and {Dav{\'e}}, R.},
	Date-Modified = {2014-04-10 18:37:16 +0000},
	Doi = {10.1088/0004-637X/693/2/1579},
	Eprint = {0811.3446},
	Journal = {\apj},
	Keywords = {galaxies: formation, galaxies: high-redshift, intergalactic medium},
	Month = mar,
	Pages = {1579-1587},
	Title = {{Extended Ly{$\alpha$} Nebulae at z sime 2.3: An Extremely Rare and Strongly Clustered Population?}},
	Volume = 693,
	Year = 2009,
	Bdsk-Url-1 = {http://dx.doi.org/10.1088/0004-637X/693/2/1579}}

@article{yang10,
	Adsnote = {Provided by the SAO/NASA Astrophysics Data System},
	Adsurl = {http://adsabs.harvard.edu/abs/2010ApJ...719.1654Y},
	Archiveprefix = {arXiv},
	Author = {{Yang}, Y. and {Zabludoff}, A. and {Eisenstein}, D. and {Dav{\'e}}, R.},
	Date-Modified = {2014-04-10 18:37:22 +0000},
	Doi = {10.1088/0004-637X/719/2/1654},
	Eprint = {1008.2776},
	Journal = {\apj},
	Keywords = {galaxies: formation, galaxies: high-redshift, intergalactic medium},
	Month = aug,
	Pages = {1654-1671},
	Primaryclass = {astro-ph.CO},
	Title = {{Strong Field-to-field Variation of Ly{$\alpha$} Nebulae Populations at z \~{}= 2.3}},
	Volume = 719,
	Year = 2010,
	Bdsk-Url-1 = {http://dx.doi.org/10.1088/0004-637X/719/2/1654}}

@article{yang11,
	Adsnote = {Provided by the SAO/NASA Astrophysics Data System},
	Adsurl = {http://adsabs.harvard.edu/abs/2011ApJ...735...87Y},
	Archiveprefix = {arXiv},
	Author = {{Yang}, Y. and {Zabludoff}, A. and {Jahnke}, K. and {Eisenstein}, D. and {Dav{\'e}}, R. and {Shectman}, S.~A. and {Kelson}, D.~D.},
	Date-Modified = {2014-04-10 18:37:19 +0000},
	Doi = {10.1088/0004-637X/735/2/87},
	Eid = {87},
	Eprint = {1104.3597},
	Journal = {\apj},
	Keywords = {galaxies: formation, galaxies: high-redshift, intergalactic medium},
	Month = jul,
	Pages = {87},
	Primaryclass = {astro-ph.CO},
	Title = {{Gas Kinematics in Ly{$\alpha$} Nebulae}},
	Volume = 735,
	Year = 2011,
	Bdsk-Url-1 = {http://dx.doi.org/10.1088/0004-637X/735/2/87}}

@article{matsuda04,
	Adsnote = {Provided by the SAO/NASA Astrophysics Data System},
	Adsurl = {http://adsabs.harvard.edu/abs/2004AJ....128..569M},
	Author = {{Matsuda}, Y. and {Yamada}, T. and {Hayashino}, T. and {Tamura}, H. and {Yamauchi}, R. and {Ajiki}, M. and {Fujita}, S.~S. and {Murayama}, T. and {Nagao}, T. and {Ohta}, K. and {Okamura}, S. and {Ouchi}, M. and {Shimasaku}, K. and {Shioya}, Y. and {Taniguchi}, Y.},
	Date-Modified = {2014-04-10 18:37:06 +0000},
	Doi = {10.1086/422020},
	Eprint = {astro-ph/0405221},
	Journal = {\aj},
	Keywords = {Cosmology: Observations, Galaxies: Evolution, Galaxies: Formation, Galaxies: High-Redshift, Galaxies: Starburst},
	Month = aug,
	Pages = {569-584},
	Title = {{A Subaru Search for Ly{$\alpha$} Blobs in and around the Protocluster Region At Redshift z = 3.1}},
	Volume = 128,
	Year = 2004,
	Bdsk-Url-1 = {http://dx.doi.org/10.1086/422020}}

@article{guaita10,
	Adsnote = {Provided by the SAO/NASA Astrophysics Data System},
	Adsurl = {http://adsabs.harvard.edu/abs/2010ApJ...714..255G},
	Archiveprefix = {arXiv},
	Author = {{Guaita}, L. and {Gawiser}, E. and {Padilla}, N. and {Francke}, H. and {Bond}, N.~A. and {Gronwall}, C. and {Ciardullo}, R. and {Feldmeier}, J.~J. and {Sinawa}, S. and {Blanc}, G.~A. and {Virani}, S.},
	Date-Modified = {2014-04-10 18:36:50 +0000},
	Doi = {10.1088/0004-637X/714/1/255},
	Eprint = {0910.2244},
	Journal = {\apj},
	Keywords = {galaxies: high-redshift, galaxies: photometry, galaxies: star formation, surveys},
	Month = may,
	Pages = {255-269},
	Primaryclass = {astro-ph.CO},
	Title = {{Ly{$\alpha$}-emitting Galaxies at z = 2.1 in ECDF-S: Building Blocks of Typical Present-day Galaxies?}},
	Volume = 714,
	Year = 2010,
	Bdsk-Url-1 = {http://dx.doi.org/10.1088/0004-637X/714/1/255}}

@article{ciardullo12,
	Adsnote = {Provided by the SAO/NASA Astrophysics Data System},
	Adsurl = {http://adsabs.harvard.edu/abs/2012ApJ...744..110C},
	Archiveprefix = {arXiv},
	Author = {{Ciardullo}, R. and {Gronwall}, C. and {Wolf}, C. and {McCathran}, E. and {Bond}, N.~A. and {Gawiser}, E. and {Guaita}, L. and {Feldmeier}, J.~J. and {Treister}, E. and {Padilla}, N. and {Francke}, H. and {Matkovi{\'c}}, A. and {Altmann}, M. and {Herrera}, D.},
	Date-Modified = {2014-04-10 18:36:30 +0000},
	Doi = {10.1088/0004-637X/744/2/110},
	Eid = {110},
	Eprint = {1109.4685},
	Journal = {\apj},
	Keywords = {cosmology: observations, galaxies: formation, galaxies: high-redshift, galaxies: luminosity function, mass function},
	Month = jan,
	Pages = {110},
	Primaryclass = {astro-ph.CO},
	Title = {{The Evolution of Ly{$\alpha$}-emitting Galaxies between z = 2.1 and z = 3.1}},
	Volume = 744,
	Year = 2012,
	Bdsk-Url-1 = {http://dx.doi.org/10.1088/0004-637X/744/2/110}}

@article{gronwall07,
	Adsnote = {Provided by the SAO/NASA Astrophysics Data System},
	Adsurl = {http://adsabs.harvard.edu/abs/2007ApJ...667...79G},
	Archiveprefix = {arXiv},
	Author = {{Gronwall}, C. and {Ciardullo}, R. and {Hickey}, T. and {Gawiser}, E. and {Feldmeier}, J.~J. and {van Dokkum}, P.~G. and {Urry}, C.~M. and {Herrera}, D. and {Lehmer}, B.~D. and {Infante}, L. and {Orsi}, A. and {Marchesini}, D. and {Blanc}, G.~A. and {Francke}, H. and {Lira}, P. and {Treister}, E.},
	Date-Modified = {2014-04-10 18:36:45 +0000},
	Doi = {10.1086/520324},
	Eprint = {0705.3917},
	Journal = {\apj},
	Keywords = {Cosmology: Observations, Galaxies: Formation, Galaxies: High-Redshift, Galaxies: Luminosity Function, Mass Function},
	Month = sep,
	Pages = {79-91},
	Title = {{Ly{$\alpha$} Emission-Line Galaxies at z = 3.1 in the Extended Chandra Deep Field-South}},
	Volume = 667,
	Year = 2007,
	Bdsk-Url-1 = {http://dx.doi.org/10.1086/520324}}

@article{acquaviva11,
	Adsnote = {Provided by the SAO/NASA Astrophysics Data System},
	Adsurl = {http://adsabs.harvard.edu/abs/2011ApJ...737...47A},
	Archiveprefix = {arXiv},
	Author = {{Acquaviva}, V. and {Gawiser}, E. and {Guaita}, L.},
	Date-Modified = {2014-04-10 18:35:51 +0000},
	Doi = {10.1088/0004-637X/737/2/47},
	Eid = {47},
	Eprint = {1101.2215},
	Journal = {\apj},
	Keywords = {galaxies: fundamental parameters, galaxies: statistics, methods: statistical},
	Month = aug,
	Pages = {47},
	Primaryclass = {astro-ph.CO},
	Title = {{Spectral Energy Distribution Fitting with Markov Chain Monte Carlo: Methodology and Application to z = 3.1 Ly{$\alpha$}-emitting Galaxies}},
	Volume = 737,
	Year = 2011,
	Bdsk-Url-1 = {http://dx.doi.org/10.1088/0004-637X/737/2/47}}

@article{conroy13,
	Adsnote = {Provided by the SAO/NASA Astrophysics Data System},
	Adsurl = {http://adsabs.harvard.edu/abs/2013ARA%26A..51..393C},
	Archiveprefix = {arXiv},
	Author = {{Conroy}, C.},
	Date-Modified = {2014-04-10 18:36:35 +0000},
	Doi = {10.1146/annurev-astro-082812-141017},
	Eprint = {1301.7095},
	Journal = {\araa},
	Month = aug,
	Pages = {393-455},
	Primaryclass = {astro-ph.CO},
	Title = {{Modeling the Panchromatic Spectral Energy Distributions of Galaxies}},
	Volume = 51,
	Year = 2013,
	Bdsk-Url-1 = {http://dx.doi.org/10.1146/annurev-astro-082812-141017}}

@article{bruzual03,
	Adsnote = {Provided by the SAO/NASA Astrophysics Data System},
	Adsurl = {http://adsabs.harvard.edu/abs/2003MNRAS.344.1000B},
	Author = {{Bruzual}, G. and {Charlot}, S.},
	Date-Modified = {2014-04-10 18:36:18 +0000},
	Doi = {10.1046/j.1365-8711.2003.06897.x},
	Eprint = {astro-ph/0309134},
	Journal = {\mnras},
	Keywords = {stars: evolution, galaxies: evolution, galaxies: formation, galaxies: stellar content},
	Month = oct,
	Pages = {1000-1028},
	Title = {{Stellar population synthesis at the resolution of 2003}},
	Volume = 344,
	Year = 2003,
	Bdsk-Url-1 = {http://dx.doi.org/10.1046/j.1365-8711.2003.06897.x}}

@article{hagen14,
	Adsnote = {Provided by the SAO/NASA Astrophysics Data System},
	Adsurl = {http://adsabs.harvard.edu/abs/2014arXiv1403.4935H},
	Archiveprefix = {arXiv},
	Author = {{Hagen}, A. and {Ciardullo}, R. and {Gronwall}, C. and {Acquaviva}, V. and {Bridge}, J. and {Zeimann}, G.~R. and {Blanc}, G.~A. and {Bond}, N.~A. and {Finkelstein}, S.~L. and {Song}, M. and {Gawiser}, E. and {Fox}, D.~B. and {Gebhardt}, H. and {Malz}, A.~I. and {Schneider}, D.~P. and {Drory}, N. and {Gebhardt}, K. and {Hill}, G.~J.},
	Date-Modified = {2014-04-18 01:56:55 +0000},
	Eprint = {1403.4935},
	Journal = {\apj},
	Keywords = {Astrophysics - Galaxy Astrophysics, Astrophysics - Cosmology and Extragalactic Astrophysics},
	Month = May,
	Pages = {59},
	Primaryclass = {astro-ph.GA},
	Title = {{Spectral Energy Distribution Fitting of HETDEX Pilot Survey Lyman-alpha Emitters in COSMOS and GOODS-N}},
	Volume = {786},
	Year = 2014}

@article{salpeter55,
	Adsnote = {Provided by the SAO/NASA Astrophysics Data System},
	Adsurl = {http://adsabs.harvard.edu/abs/1955ApJ...121..161S},
	Author = {{Salpeter}, E.~E.},
	Date-Modified = {2014-04-10 18:37:11 +0000},
	Doi = {10.1086/145971},
	Journal = {\apj},
	Month = jan,
	Pages = {161},
	Title = {{The Luminosity Function and Stellar Evolution.}},
	Volume = 121,
	Year = 1955,
	Bdsk-Url-1 = {http://dx.doi.org/10.1086/145971}}

@article{calzetti01,
	Adsnote = {Provided by the SAO/NASA Astrophysics Data System},
	Adsurl = {http://adsabs.harvard.edu/abs/2001PASP..113.1449C},
	Author = {{Calzetti}, D.},
	Date-Modified = {2014-04-10 18:36:24 +0000},
	Doi = {10.1086/324269},
	Eprint = {astro-ph/0109035},
	Journal = {\pasp},
	Keywords = {ISM: Dust, Extinction, Galaxies: ISM, Galaxies: Starburst, infrared: galaxies, ultraviolet: galaxies},
	Month = dec,
	Pages = {1449-1485},
	Title = {{The Dust Opacity of Star-forming Galaxies}},
	Volume = 113,
	Year = 2001,
	Bdsk-Url-1 = {http://dx.doi.org/10.1086/324269}}

@article{madau95,
	Adsnote = {Provided by the SAO/NASA Astrophysics Data System},
	Adsurl = {http://adsabs.harvard.edu/abs/1995ApJ...441...18M},
	Author = {{Madau}, P.},
	Date-Modified = {2014-04-10 18:37:00 +0000},
	Doi = {10.1086/175332},
	Journal = {\apj},
	Keywords = {Color, Cosmology, Galactic Evolution, Lyman Spectra, Radiative Transfer, Red Shift, Universe, Absorption Spectra, Background Radiation, Resonance Scattering, Stochastic Processes, Ultraviolet Astronomy},
	Month = mar,
	Pages = {18-27},
	Title = {{Radiative transfer in a clumpy universe: The colors of high-redshift galaxies}},
	Volume = 441,
	Year = 1995,
	Bdsk-Url-1 = {http://dx.doi.org/10.1086/175332}}

@article{atek11,
	Adsnote = {Provided by the SAO/NASA Astrophysics Data System},
	Adsurl = {http://adsabs.harvard.edu/abs/2011ApJ...743..121A},
	Archiveprefix = {arXiv},
	Author = {{Atek}, H. and {Siana}, B. and {Scarlata}, C. and {Malkan}, M. and {McCarthy}, P. and {Teplitz}, H. and {Henry}, A. and {Colbert}, J. and {Bridge}, C. and {Bunker}, A.~J. and {Dressler}, A. and {Fosbury}, R.~A.~E. and {Hathi}, N.~P. and {Martin}, C. and {Ross}, N.~R. and {Shim}, H.},
	Date-Modified = {2014-04-10 18:36:06 +0000},
	Doi = {10.1088/0004-637X/743/2/121},
	Eid = {121},
	Eprint = {1109.0639},
	Journal = {\apj},
	Keywords = {cosmology: observations, galaxies: evolution, galaxies: high-redshift, galaxies: statistics, infrared: galaxies, surveys},
	Month = dec,
	Pages = {121},
	Primaryclass = {astro-ph.CO},
	Title = {{Very Strong Emission-line Galaxies in the WFC3 Infrared Spectroscopic Parallel Survey and Implications for High-redshift Galaxies}},
	Volume = 743,
	Year = 2011,
	Bdsk-Url-1 = {http://dx.doi.org/10.1088/0004-637X/743/2/121}}
